<collection xmlns="http://www.loc.gov/MARC21/slim">
  <record>
    <leader>00391nam  2200157   4500</leader>
    <controlfield tag="001">11536</controlfield>
    <controlfield tag="008">870123              a          10nob    </controlfield>
    <datafield tag="015" ind1=" " ind2=" ">
      <subfield code="a">1113968</subfield>
    </datafield>
    <datafield tag="100" ind1="1" ind2=" ">
      <subfield code="a">Hamsun, Knut, </subfield>
      <subfield code="d">1859-1952.</subfield>
      <subfield code="4">aut</subfield>
      <subfield code="0">http://viaf.org/viaf/59083692</subfield>
    </datafield>
    <datafield tag="240" ind1="0" ind2="0">
      <subfield code="a">Aftenrøde.</subfield>
      <subfield code="l">Norwegian</subfield>
      <subfield code="0">http://www.wikidata.org/entity/Q15062327</subfield>
    </datafield>
    <datafield tag="245" ind1="1" ind2="0">
      <subfield code="a">Aftenrøde /</subfield>
      <subfield code="b">slutningsspil [skuespil] /</subfield>
      <subfield code="c">Knut Hamsun.</subfield>
    </datafield>
     <datafield tag="250" ind1=" " ind2=" ">
      <subfield code="a">1. utg.</subfield>
    </datafield>
    <datafield tag="260" ind1=" " ind2=" ">
      <subfield code="a">København :</subfield>
      <subfield code="b">[s.n.], </subfield>
      <subfield code="c">1898.</subfield>
    </datafield>
    <datafield tag="300" ind1=" " ind2=" ">
      <subfield code="a">201 s.</subfield>
    </datafield>
  <datafield tag="336" ind1=" " ind2=" ">
      <subfield code="a">text</subfield>
      <subfield code="b">txt</subfield>
      <subfield code="2">rdacontent</subfield>
      <subfield code="0">http://rdaregistry.info/termList/RDAContentType/1020</subfield>
    </datafield>
<datafield tag="337" ind1=" " ind2=" ">
      <subfield code="a">unmediated</subfield>
      <subfield code="b">n</subfield>
      <subfield code="2">rdamedia</subfield>
      <subfield code="0">http://rdaregistry.info/termList/RDAMediaType/1007</subfield>
    </datafield>
    <datafield tag="338" ind1=" " ind2=" ">
      <subfield code="a">volume</subfield>
       <subfield code="b">nc</subfield>
      <subfield code="2">rdacarrier</subfield>
      <subfield code="0">http://rdaregistry.info/termList/RDACarrierType/1049</subfield>
    </datafield>
    <datafield tag="380" ind1=" " ind2=" ">
      <subfield code="a">Novel</subfield>
      <subfield code="0">http://id.loc.gov/authorities/genreForms/gf2015026020</subfield>
      <subfield code="2">LCSH</subfield>
    </datafield>
     </record>