
  <record>
    <leader>00643nam  2200217   4500</leader>
    <controlfield tag="001">366322</controlfield>
    <controlfield tag="008">080423                a          10nob 2</controlfield>
    <datafield tag="015" ind1=" " ind2=" ">
      <subfield code="a">0196458</subfield>
    </datafield>
    <datafield tag="015" ind1=" " ind2=" ">
      <subfield code="a">972615</subfield>
    </datafield>
    <datafield tag="020" ind1=" " ind2=" ">
      <subfield code="a">978-82-421-1977-3</subfield>
    </datafield>
    <datafield tag="100" ind1="1" ind2=" ">
      <subfield code="a">Hamsun, Knut, </subfield>
      <subfield code="d">1859-1952.</subfield>
      <subfield code="4">aut</subfield>
      <subfield code="0">http://viaf.org/viaf/59083692</subfield>
    </datafield>
    <datafield tag="240" ind1="0" ind2="0">
      <subfield code="a">August.</subfield>
      <subfield code="0">http://viaf.org/viaf/3267149068489065730001</subfield>
    </datafield>
    <datafield tag="245" ind1="1" ind2="0">
      <subfield code="a">August /</subfield>
      <subfield code="c">Knut Hamsun.</subfield>
      <subfield code="h">lydopptak</subfield>
    </datafield>
    <datafield tag="260" ind1=" " ind2=" ">
      <subfield code="a">[Melhus] :</subfield>
      <subfield code="b">Lydbokforl.,</subfield>
      <subfield code="c">2008.</subfield>
    </datafield>
    <datafield tag="300" ind1=" " ind2=" ">
      <subfield code="a">15 maskinlesbare optiske plater (18 t, 26 min)</subfield>
    </datafield>
    <datafield tag="336" ind1=" " ind2=" ">
      <subfield code="a">spoken word</subfield>
      <subfield code="b">spw</subfield>
      <subfield code="2">rdacontent</subfield>
      <subfield code="0">http://rdaregistry.info/termList/RDAContentType/1013</subfield>
    </datafield>
<datafield tag="337" ind1=" " ind2=" ">
      <subfield code="a">audio</subfield>
      <subfield code="b">s</subfield>
      <subfield code="2">rdamedia</subfield>
      <subfield code="0">http://rdaregistry.info/termList/RDAMediaType/1001</subfield>
    </datafield>
    <datafield tag="338" ind1=" " ind2=" ">
      <subfield code="a">audio disc</subfield>
      <subfield code="b">sd</subfield>
      <subfield code="2">rdacarrier</subfield>
      <subfield code="0">http://rdaregistry.info/termList/RDACarrierType/1004</subfield>
    </datafield>
     <datafield tag="380" ind1=" " ind2=" ">
      <subfield code="a">Audiobooks</subfield>
      <subfield code="0">http://id.loc.gov/authorities/genreForms/gf2011026063</subfield>
      <subfield code="2">LCSH</subfield>
    </datafield>
    <datafield tag="700" ind1="1" ind2=" ">
      <subfield code="a">Hamsun, Knut, </subfield>
      <subfield code="d">1859-1952..</subfield>
      <subfield code="i">Adaptation of  work</subfield>
      <subfield code="t">August.</subfield>
      <subfield code="0">http://viaf.org/viaf/3267149068489065730001</subfield>
      <subfield code="4">http://rdaregistry.info/Elements/w/P10142</subfield>
    </datafield>
         <datafield tag="700" ind1="1" ind2=" ">
      <subfield code="a">Olsen, Arne Thomas, </subfield>
      <subfield code="d">1909-2000.</subfield>
      <subfield code="j">http://rdaregistry.info/Elements/a/object/P50081</subfield>
      <subfield code="0">http://viaf.org/viaf/37022260</subfield>
      <subfield code="4">nrt</subfield>
    </datafield>
    <datafield tag="780" ind1="0" ind2="0">
      <subfield code="t">Landstrykere</subfield>
          </datafield>
    <datafield tag="785" ind1="0" ind2="0">
      <subfield code="t">Men livet lever</subfield>
         </datafield>
  </record>