
  <record>
    <leader>00567nam  2200217   4500</leader>
    <controlfield tag="001">12550</controlfield>
    <controlfield tag="008">870123                  a          10nob</controlfield>
    <datafield tag="015" ind1=" " ind2=" ">
      <subfield code="a">8430687</subfield>
    </datafield>
    <datafield tag="020" ind1=" " ind2=" ">
      <subfield code="a">82-05-30044-5</subfield>
    </datafield>
    <datafield tag="100" ind1="1" ind2=" ">
      <subfield code="a">Hamsun, Knut, </subfield>
      <subfield code="d">1859-1952.</subfield>
      <subfield code="4">aut</subfield>
      <subfield code="0">http://viaf.org/viaf/59083692</subfield>
    </datafield>
    <datafield tag="240" ind1="0" ind2="0">
      <subfield code="a">August.</subfield>
      <subfield code="l">Norwegian</subfield>
      <subfield code="0">http://viaf.org/viaf/3267149068489065730001</subfield>
    </datafield>
    <datafield tag="245" ind1="1" ind2="0">
      <subfield code="a">August /</subfield>
      <subfield code="b">roman /</subfield>
      <subfield code="c">Knut Hamsun.</subfield>
    </datafield>
    <datafield tag="260" ind1=" " ind2=" ">
      <subfield code="a">[Stabekk] :</subfield>
      <subfield code="b">Den Norske bokklubben,</subfield>
      <subfield code="c">1967.</subfield>
    </datafield>
    <datafield tag="300" ind1=" " ind2=" ">
      <subfield code="a">254 s.</subfield>
    </datafield>
    <datafield tag="336" ind1=" " ind2=" ">
      <subfield code="a">text</subfield>
      <subfield code="b">txt</subfield>
      <subfield code="2">rdacontent</subfield>
      <subfield code="0">http://rdaregistry.info/termList/RDAContentType/1020</subfield>
    </datafield>
<datafield tag="337" ind1=" " ind2=" ">
      <subfield code="a">unmediated</subfield>
      <subfield code="b">n</subfield>
      <subfield code="2">rdamedia</subfield>
      <subfield code="0">http://rdaregistry.info/termList/RDAMediaType/1007</subfield>
    </datafield>
    <datafield tag="338" ind1=" " ind2=" ">
      <subfield code="a">volume</subfield>
       <subfield code="b">nc</subfield>
      <subfield code="2">rdacarrier</subfield>
      <subfield code="0">http://rdaregistry.info/termList/RDACarrierType/1049</subfield>
    </datafield>
    <datafield tag="380" ind1=" " ind2=" ">
      <subfield code="a">Novel</subfield>
      <subfield code="0">http://id.loc.gov/authorities/genreForms/gf2015026020</subfield>
      <subfield code="2">LCSH</subfield>
    </datafield>
     <datafield tag="490" ind1="1" ind2=" ">
      <subfield code="a">August-trilogien ;</subfield>
      <subfield code="v">2</subfield>
    </datafield>
   <datafield tag="700" ind1="1" ind2="2">
<subfield code="a">Hamsun, Knut, </subfield>
<subfield code="d">1859-1952.</subfield>
<subfield code="i">http://rdaregistry.info/Elements/w/datatype/P10156</subfield>
<subfield code="t">Landstrykere</subfield>
<subfield code="0">http://viaf.org/viaf/180078068</subfield>
</datafield>
<datafield tag="785" ind1="0" ind2="2">
      <subfield code="t">Men livet lever</subfield>
    </datafield>
<datafield tag="800" ind1="1" ind2=" ">
<subfield code="a">Hamsun, Knut, </subfield>
<subfield code="d">1859-1952.</subfield>
<subfield code="t">August-trilogien.</subfield>
<subfield code="l">Norwegian</subfield>
<subfield code="v">2.</subfield>
<subfield code="0">https://www.wikidata.org/wiki/Q11959623</subfield>
</datafield>
  </record>