
  <record>
    <leader>00982nam  2200265   4500</leader>
    <controlfield tag="001">560603</controlfield>
    <controlfield tag="008">940427                  a          10gre</controlfield>
    <datafield tag="015" ind1=" " ind2=" ">
      <subfield code="a">478840</subfield>
    </datafield>
    <datafield tag="100" ind1="1" ind2=" ">
      <subfield code="a">Hamsun, Knut, </subfield>
      <subfield code="d">1859-1952.</subfield>
      <subfield code="4">aut</subfield>
      <subfield code="0">http://viaf.org/viaf/59083692</subfield>
    </datafield>
    <datafield tag="240" ind1="0" ind2="0">
      <subfield code="a">Benoni.</subfield>
      <subfield code="l">Greek</subfield>
      <subfield code="0">http://viaf.org/viaf/310234238</subfield>
    </datafield>
    <datafield tag="245" ind1="1" ind2="0">
      <subfield code="a">Benoni /</subfield>
      <subfield code="c">Knut Hamsun ; [oversatt fra norsk] Vassos Daskalakis.</subfield>
    </datafield>
    <datafield tag="260" ind1=" " ind2=" ">
      <subfield code="a">Athen :</subfield>
      <subfield code="b">Dhorikos,</subfield>
      <subfield code="c">1971.</subfield>
    </datafield>
    <datafield tag="300" ind1=" " ind2=" ">
      <subfield code="a">260 s.</subfield>
    </datafield>
    <datafield tag="336" ind1=" " ind2=" ">
      <subfield code="a">text</subfield>
      <subfield code="b">txt</subfield>
      <subfield code="2">rdacontent</subfield>
      <subfield code="0">http://rdaregistry.info/termList/RDAContentType/1020</subfield>
    </datafield>
<datafield tag="337" ind1=" " ind2=" ">
      <subfield code="a">unmediated</subfield>
      <subfield code="b">n</subfield>
      <subfield code="2">rdamedia</subfield>
      <subfield code="0">http://rdaregistry.info/termList/RDAMediaType/1007</subfield>
    </datafield>
    <datafield tag="338" ind1=" " ind2=" ">
      <subfield code="a">volume</subfield>
       <subfield code="b">nc</subfield>
      <subfield code="2">rdacarrier</subfield>
      <subfield code="0">http://rdaregistry.info/termList/RDACarrierType/1049</subfield>
    </datafield>
    <datafield tag="380" ind1=" " ind2=" ">
      <subfield code="a">Novel</subfield>
      <subfield code="0">http://id.loc.gov/authorities/genreForms/gf2015026020</subfield>
      <subfield code="2">LCSH</subfield>
    </datafield>
       <datafield tag="700" ind1="1" ind2=" ">
      <subfield code="a">Daskalakis, Vassos, </subfield>
       <subfield code="i">http://rdaregistry.info/Elements/a/object/P50145</subfield>
      <subfield code="0">https://www.imdb.com/name/nm3740554/?ref_=nmbio_ql</subfield>
      <subfield code="4">trl</subfield>
    </datafield>
     <datafield tag="785" ind1="0" ind2="2">
      <subfield code="t">Rosa</subfield>
    </datafield>
  </record>