
  <record>
    <leader>00534nam  2200193   4500</leader>
    <controlfield tag="001">12548</controlfield>
    <controlfield tag="008">870123              a          10nob 6  </controlfield>
    <datafield tag="015" ind1=" " ind2=" ">
      <subfield code="a">95081</subfield>
    </datafield>
    <datafield tag="020" ind1=" " ind2=" ">
      <subfield code="a">82-05-08251-0</subfield>
    </datafield>
    <datafield tag="100" ind1="1" ind2=" ">
      <subfield code="a">Hamsun, Knut, </subfield>
      <subfield code="d">1859-1952.</subfield>
      <subfield code="4">aut</subfield>
      <subfield code="0">http://viaf.org/viaf/59083692</subfield>
    </datafield>
    <datafield tag="240" ind1="1" ind2="0">
      <subfield code="a">Benoni.</subfield>
      <subfield code="l">Norwegian</subfield>
      <subfield code="0">http://viaf.org/viaf/310234238</subfield>
    </datafield>
    <datafield tag="245" ind1="1" ind2="0">
      <subfield code="a">Benoni , Rosa /</subfield>
      <subfield code="c">Knut Hamsun ; illustrert av Karl Erik Harr.</subfield>
    </datafield>
    <datafield tag="260" ind1=" " ind2=" ">
      <subfield code="a">[Oslo] :</subfield>
      <subfield code="b">Gyldendal,</subfield>
      <subfield code="c">1975.</subfield>
    </datafield>
    <datafield tag="300" ind1=" " ind2=" ">
      <subfield code="a">301 s.</subfield>
      <subfield code="b">ill.</subfield>
    </datafield>
   <datafield tag="336" ind1=" " ind2=" ">
      <subfield code="a">text</subfield>
      <subfield code="b">txt</subfield>
      <subfield code="2">rdacontent</subfield>
      <subfield code="0">http://rdaregistry.info/termList/RDAContentType/1020</subfield>
    </datafield>
<datafield tag="337" ind1=" " ind2=" ">
      <subfield code="a">unmediated</subfield>
      <subfield code="b">n</subfield>
      <subfield code="2">rdamedia</subfield>
      <subfield code="0">http://rdaregistry.info/termList/RDAMediaType/1007</subfield>
    </datafield>
    <datafield tag="338" ind1=" " ind2=" ">
      <subfield code="a">volume</subfield>
       <subfield code="b">nc</subfield>
      <subfield code="2">rdacarrier</subfield>
      <subfield code="0">http://rdaregistry.info/termList/RDACarrierType/1049</subfield>
    </datafield>
    <datafield tag="380" ind1=" " ind2=" ">
      <subfield code="a">Novel</subfield>
      <subfield code="0">http://id.loc.gov/authorities/genreForms/gf2015026020</subfield>
      <subfield code="2">LCSH</subfield>
    </datafield>
    <datafield tag="500" ind1=" " ind2=" ">
      <subfield code="a">1.utgave i 1908</subfield>
    </datafield>
    <datafield tag="730" ind1="1" ind2="2">
      <subfield code="a">Rosa.</subfield>
      <subfield code="0">http://viaf.org/viaf/1650145424683186830143</subfield>
      <subfield code="4">http://rdaregistry.info/Elements/w/P10019l</subfield>
    </datafield>
    <datafield tag="700" ind1="1" ind2=" ">
      <subfield code="a">Harr, Karl Erik, </subfield>
      <subfield code="d">1940-</subfield>
      <subfield code="j">http://rdaregistry.info/Elements/a/P50159</subfield>
      <subfield code="0">http://viaf.org/viaf/14863655</subfield>
      <subfield code="4">ill</subfield>
    </datafield>
      </record>