
  <record>
    <leader>00583nam  2200181   4500</leader>
    <controlfield tag="001">11537</controlfield>
    <controlfield tag="008">870123              a          10nob    </controlfield>
    <datafield tag="015" ind1=" " ind2=" ">
      <subfield code="a">95098</subfield>
    </datafield>
    <datafield tag="020" ind1=" " ind2=" ">
      <subfield code="a">8290303424</subfield>
    </datafield>
    <datafield tag="100" ind1="1" ind2=" ">
      <subfield code="a">Hamsun, Knut, </subfield>
      <subfield code="d">1859-1952.</subfield>
      <subfield code="4">aut</subfield>
      <subfield code="0">http://viaf.org/viaf/59083692</subfield>
    </datafield>
    <datafield tag="240" ind1="0" ind2="0">
      <subfield code="a">Bjørger.</subfield>
      <subfield code="l">Norwegian</subfield>
      <subfield code="0">http://www.wikidata.org/entity/Q16175754</subfield>
    </datafield>
    <datafield tag="245" ind1="1" ind2="0">
      <subfield code="a">Bjørger /</subfield>
      <subfield code="c">Knud Pedersen Hamsund [i.e. Knut Hamsun] ; illustrert av Karl Erik Harr ; etterord av Arild Haaland.</subfield>
    </datafield>
    <datafield tag="260" ind1=" " ind2=" ">
      <subfield code="a">Bodø :</subfield>
      <subfield code="b">Trohaug,</subfield>
      <subfield code="c">1981.</subfield>
    </datafield>
    <datafield tag="300" ind1=" " ind2=" ">
      <subfield code="a">151 s.</subfield>
      <subfield code="b">ill.</subfield>
    </datafield>
   <datafield tag="336" ind1=" " ind2=" ">
      <subfield code="a">text</subfield>
      <subfield code="b">txt</subfield>
      <subfield code="2">rdacontent</subfield>
      <subfield code="0">http://rdaregistry.info/termList/RDAContentType/1020</subfield>
    </datafield>
<datafield tag="337" ind1=" " ind2=" ">
      <subfield code="a">unmediated</subfield>
      <subfield code="b">n</subfield>
      <subfield code="2">rdamedia</subfield>
      <subfield code="0">http://rdaregistry.info/termList/RDAMediaType/1007</subfield>
    </datafield>
    <datafield tag="338" ind1=" " ind2=" ">
      <subfield code="a">volume</subfield>
       <subfield code="b">nc</subfield>
      <subfield code="2">rdacarrier</subfield>
      <subfield code="0">http://rdaregistry.info/termList/RDACarrierType/1049</subfield>
    </datafield>
    <datafield tag="380" ind1=" " ind2=" ">
      <subfield code="a">Novel</subfield>
      <subfield code="0">http://id.loc.gov/authorities/genreForms/gf2015026020</subfield>
      <subfield code="2">LCSH</subfield>
    </datafield>
    <datafield tag="500" ind1=" " ind2=" ">
      <subfield code="a">1. utgave ble utgitt på eget forlag i Bodø i 1878</subfield>
    </datafield>
    <datafield tag="700" ind1="1" ind2=" ">
      <subfield code="a">Haaland, Arild, </subfield>
      <subfield code="d">1919-2012.</subfield>
      <subfield code="j">http://rdaregistry.info/Elements/a/P50227</subfield>
      <subfield code="0">http://viaf.org/viaf/263010029</subfield>
      <subfield code="4">aft</subfield>
    </datafield>
    <datafield tag="700" ind1="1" ind2=" ">
      <subfield code="a">Harr, Karl Erik, </subfield>
      <subfield code="d">1940-</subfield>
      <subfield code="j">http://rdaregistry.info/Elements/a/P50159</subfield>
      <subfield code="0">http://viaf.org/viaf/14863655</subfield>
      <subfield code="4">ill</subfield>
    </datafield>
  </record>