
  <record>
    <leader>00583nam  2200205   4500</leader>
    <controlfield tag="001">33563</controlfield>
    <controlfield tag="008">880630                a       0  01nob m  </controlfield>
    <datafield tag="015" ind1=" " ind2=" ">
      <subfield code="a">187901</subfield>
    </datafield>
    <datafield tag="082" ind1="0" ind2=" ">
      <subfield code="a">921</subfield>
    </datafield>
    <datafield tag="100" ind1="1" ind2=" ">
      <subfield code="a">Hamsun, Knut, </subfield>
      <subfield code="d">1859-1952.</subfield>
      <subfield code="4">aut</subfield>
      <subfield code="0">http://viaf.org/viaf/59083692</subfield>
    </datafield>
    <datafield tag="240" ind1="0" ind2="0">
      <subfield code="a">Brev til Marie.</subfield>
      <subfield code="l">Norwegian</subfield>
      <subfield code="0">http://viaf.org/viaf/217145857943523021156</subfield>
    </datafield>
    <datafield tag="245" ind1="1" ind2="0">
      <subfield code="a">Brev til Marie /</subfield>
      <subfield code="c">Knut Hamsun ; samlet av Tore Hamsun.</subfield>
    </datafield>
    <datafield tag="260" ind1=" " ind2=" ">
      <subfield code="a">Oslo :</subfield>
      <subfield code="b">Aschehoug,</subfield>
      <subfield code="c">1970.</subfield>
    </datafield>
    <datafield tag="300" ind1=" " ind2=" ">
      <subfield code="a">262 s.</subfield>
      <subfield code="b">port., faks., pl.</subfield>
    </datafield>
   <datafield tag="336" ind1=" " ind2=" ">
      <subfield code="a">text</subfield>
      <subfield code="b">txt</subfield>
      <subfield code="2">rdacontent</subfield>
      <subfield code="0">http://rdaregistry.info/termList/RDAContentType/1020</subfield>
    </datafield>
<datafield tag="337" ind1=" " ind2=" ">
      <subfield code="a">unmediated</subfield>
      <subfield code="b">n</subfield>
      <subfield code="2">rdamedia</subfield>
      <subfield code="0">http://rdaregistry.info/termList/RDAMediaType/1007</subfield>
    </datafield>
    <datafield tag="338" ind1=" " ind2=" ">
      <subfield code="a">volume</subfield>
       <subfield code="b">nc</subfield>
      <subfield code="2">rdacarrier</subfield>
      <subfield code="0">http://rdaregistry.info/termList/RDACarrierType/1049</subfield>
    </datafield>
    <datafield tag="380" ind1=" " ind2=" ">
      <subfield code="a">Novel</subfield>
      <subfield code="0">http://id.loc.gov/authorities/genreForms/gf2015026020</subfield>
      <subfield code="2">LCSH</subfield>
    </datafield>
    <datafield tag="600" ind1="1" ind2="4">
      <subfield code="a">Hamsun, Knut</subfield>
      <subfield code="d">1859-1952</subfield>
      <subfield code="0">http://viaf.org/viaf/59083692</subfield>
      <subfield code="4">aut</subfield>
    </datafield>
    <datafield tag="600" ind1="1" ind2="4">
      <subfield code="a">Hamsun, Marie</subfield>
      <subfield code="d">1881-1969</subfield>
      <subfield code="0">http://viaf.org/viaf/803679</subfield>
    </datafield>
    <datafield tag="700" ind1="1" ind2=" ">
      <subfield code="a">Hamsun, Tore, </subfield>
      <subfield code="d">1912-1995.</subfield>
      <subfield code="j">http://rdaregistry.info/Elements/a/P50156</subfield>
      <subfield code="0">http://viaf.org/viaf/61595218</subfield>
      <subfield code="4">edt</subfield>
    </datafield>
  </record>