
  <record>
    <leader>00483nam  2200169   4500</leader>
    <controlfield tag="001">42913</controlfield>
    <controlfield tag="008">930118                a       0  10nob 2  </controlfield>
    <datafield tag="015" ind1=" " ind2=" ">
      <subfield code="a">411101</subfield>
    </datafield>
    <datafield tag="020" ind1=" " ind2=" ">
      <subfield code="a">82-525-2117-7</subfield>
    </datafield>
    <datafield tag="100" ind1="1" ind2=" ">
      <subfield code="a">Hamsun, Knut, </subfield>
      <subfield code="d">1859-1952.</subfield>
      <subfield code="4">aut</subfield>
      <subfield code="0">http://viaf.org/viaf/59083692</subfield>
    </datafield>
    <datafield tag="240" ind1="0" ind2="0">
      <subfield code="a">Børn av tiden.</subfield>
      <subfield code="l">Norwegian</subfield>
      <subfield code="0">http://viaf.org/viaf/8450149068552765730000</subfield>
    </datafield>
    <datafield tag="245" ind1="1" ind2="0">
      <subfield code="a">Børn av tiden /</subfield>
      <subfield code="c">Knut Hamsun ; forord av Nils Magne Knutsen.</subfield>
    </datafield>
    <datafield tag="260" ind1=" " ind2=" ">
      <subfield code="a">[Stabekk] :</subfield>
      <subfield code="b">Den Norske bokklubben,</subfield>
      <subfield code="c">1992.</subfield>
    </datafield>
    <datafield tag="300" ind1=" " ind2=" ">
      <subfield code="a">219 s.</subfield>
      <subfield code="b">port.</subfield>
    </datafield>
    <datafield tag="336" ind1=" " ind2=" ">
      <subfield code="a">text</subfield>
      <subfield code="b">txt</subfield>
      <subfield code="2">rdacontent</subfield>
      <subfield code="0">http://rdaregistry.info/termList/RDAContentType/1020</subfield>
    </datafield>
<datafield tag="337" ind1=" " ind2=" ">
      <subfield code="a">unmediated</subfield>
      <subfield code="b">n</subfield>
      <subfield code="2">rdamedia</subfield>
      <subfield code="0">http://rdaregistry.info/termList/RDAMediaType/1007</subfield>
    </datafield>
    <datafield tag="338" ind1=" " ind2=" ">
      <subfield code="a">volume</subfield>
       <subfield code="b">nc</subfield>
      <subfield code="2">rdacarrier</subfield>
      <subfield code="0">http://rdaregistry.info/termList/RDACarrierType/1049</subfield>
    </datafield>
    <datafield tag="380" ind1=" " ind2=" ">
      <subfield code="a">Novel</subfield>
      <subfield code="0">http://id.loc.gov/authorities/genreForms/gf2015026020</subfield>
      <subfield code="2">LCSH</subfield>
    </datafield>
    <datafield tag="500" ind1=" " ind2=" ">
      <subfield code="a">1. utgave København : Gyldendal, 1913</subfield>
    </datafield>
    <datafield tag="700" ind1="1" ind2=" ">
      <subfield code="a">Knutsen, Nils Magne,</subfield>
      <subfield code="d">1943-</subfield>
      <subfield code="j">http://rdaregistry.info/Elements/a/P50149</subfield>
      <subfield code="0">http://viaf.org/viaf/17198272</subfield>
      <subfield code="4">aui</subfield>
    </datafield>
    <datafield tag="740" ind1="4" ind2=" ">
      <subfield code="a">Barn av tiden.</subfield>
    </datafield>
    <datafield tag="785" ind1="0" ind2="2">
      <subfield code="t">Segelfoss by</subfield>
    </datafield>
  </record>