
  <record>
    <leader>00642nam  2200217   4500</leader>
    <controlfield tag="001">63162</controlfield>
    <controlfield tag="008">931015                a          10fre 9</controlfield>
    <datafield tag="015" ind1=" " ind2=" ">
      <subfield code="a">1210021</subfield>
    </datafield>
    <datafield tag="020" ind1=" " ind2=" ">
      <subfield code="a">2-130-39315-2</subfield>
    </datafield>
    <datafield tag="020" ind1=" " ind2=" ">
      <subfield code="a">2-253-04963-8</subfield>
    </datafield>
    <datafield tag="041" ind1=" " ind2=" ">
      <subfield code="h">nor</subfield>
    </datafield>
    <datafield tag="100" ind1="1" ind2=" ">
      <subfield code="a">Hamsun, Knut, </subfield>
      <subfield code="d">1859-1952.</subfield>
      <subfield code="4">aut</subfield>
      <subfield code="0">http://viaf.org/viaf/59083692</subfield>
    </datafield>
    <datafield tag="240" ind1="1" ind2="0">
      <subfield code="a">Sult.</subfield>
      <subfield code="l">French</subfield>
      <subfield code="0">http://viaf.org/viaf/220443771</subfield>
    </datafield>
    <datafield tag="245" ind1="1" ind2="3">
      <subfield code="a">La faim /</subfield>
      <subfield code="c">Knut Hamsun ; oversatt fra norsk av Georges Sautreau ; forord av André Gide.</subfield>
    </datafield>
    <datafield tag="260" ind1=" " ind2=" ">
      <subfield code="a">Paris :</subfield>
      <subfield code="b">Presses universitaires,</subfield>
      <subfield code="c">1986.</subfield>
    </datafield>
    <datafield tag="300" ind1=" " ind2=" ">
      <subfield code="a">209 s.</subfield>
    </datafield>
   <datafield tag="336" ind1=" " ind2=" ">
      <subfield code="a">text</subfield>
      <subfield code="b">txt</subfield>
      <subfield code="2">rdacontent</subfield>
      <subfield code="0">http://rdaregistry.info/termList/RDAContentType/1020</subfield>
    </datafield>
<datafield tag="337" ind1=" " ind2=" ">
      <subfield code="a">unmediated</subfield>
      <subfield code="b">n</subfield>
      <subfield code="2">rdamedia</subfield>
      <subfield code="0">http://rdaregistry.info/termList/RDAMediaType/1007</subfield>
    </datafield>
    <datafield tag="338" ind1=" " ind2=" ">
      <subfield code="a">volume</subfield>
       <subfield code="b">nc</subfield>
      <subfield code="2">rdacarrier</subfield>
      <subfield code="0">http://rdaregistry.info/termList/RDACarrierType/1049</subfield>
    </datafield>
    <datafield tag="380" ind1=" " ind2=" ">
      <subfield code="a">Novel</subfield>
      <subfield code="0">http://id.loc.gov/authorities/genreForms/gf2015026020</subfield>
      <subfield code="2">LCSH</subfield>
    </datafield>
    <datafield tag="505" ind1="0" ind2=" ">
      <subfield code="a">1. franske utgave 1895</subfield>
    </datafield>
        <datafield tag="700" ind1="1" ind2=" ">
      <subfield code="a">Gide, André,</subfield>
      <subfield code="d">1869-1951.</subfield>
      <subfield code="j">http://rdaregistry.info/Elements/a/P50149</subfield>
      <subfield code="0">http://viaf.org/viaf/96973963</subfield>
      <subfield code="4">aui</subfield>
    </datafield>
    <datafield tag="700" ind1="1" ind2=" ">
      <subfield code="a">Sautreau, Georges, </subfield>
      <subfield code="d">1875-1952.</subfield>
      <subfield code="i">http://rdaregistry.info/Elements/a/object/P50145</subfield>
      <subfield code="0">http://viaf.org/viaf/14776516</subfield>
      <subfield code="4">trl</subfield>
    </datafield>
  </record>