
  <record>
    <leader>00826nam  2200265   4500</leader>
    <controlfield tag="001">283748</controlfield>
    <controlfield tag="008">050822                a          11nob 2</controlfield>
    <datafield tag="015" ind1=" " ind2=" ">
      <subfield code="a">0156688</subfield>
    </datafield>
    <datafield tag="015" ind1=" " ind2=" ">
      <subfield code="a">874494</subfield>
    </datafield>
    <datafield tag="020" ind1=" " ind2=" ">
      <subfield code="a">82-05-34195-8</subfield>
    </datafield>
    <datafield tag="100" ind1="1" ind2=" ">
      <subfield code="a">Hamsun, Knut, </subfield>
      <subfield code="d">1859-1952.</subfield>
      <subfield code="4">aut</subfield>
      <subfield code="0">http://viaf.org/viaf/59083692</subfield>
    </datafield>
    <datafield tag="240" ind1="0" ind2="0">
      <subfield code="a">Hamsuns beste.</subfield>
      <subfield code="l">Norwegian</subfield>
      <subfield code="0">http://www.wikidata.org/entity/Q62898996</subfield>
    </datafield>
    <datafield tag="245" ind1="1" ind2="0">
      <subfield code="a">Hamsuns beste /</subfield>
      <subfield code="b">senere verker /</subfield>
      <subfield code="c">Knut Hamsun.</subfield>
    </datafield>
    <datafield tag="260" ind1=" " ind2=" ">
      <subfield code="a">[Oslo] :</subfield>
      <subfield code="b">Gyldendal,</subfield>
      <subfield code="c">2005.</subfield>
    </datafield>
    <datafield tag="300" ind1=" " ind2=" ">
      <subfield code="a">791 s.</subfield>
      </datafield>
     <datafield tag="336" ind1=" " ind2=" ">
      <subfield code="a">text</subfield>
      <subfield code="b">txt</subfield>
      <subfield code="2">rdacontent</subfield>
      <subfield code="0">http://rdaregistry.info/termList/RDAContentType/1020</subfield>
    </datafield>
<datafield tag="337" ind1=" " ind2=" ">
      <subfield code="a">unmediated</subfield>
      <subfield code="b">n</subfield>
      <subfield code="2">rdamedia</subfield>
      <subfield code="0">http://rdaregistry.info/termList/RDAMediaType/1007</subfield>
    </datafield>
    <datafield tag="338" ind1=" " ind2=" ">
      <subfield code="a">volume</subfield>
       <subfield code="b">nc</subfield>
      <subfield code="2">rdacarrier</subfield>
      <subfield code="0">http://rdaregistry.info/termList/RDACarrierType/1049</subfield>
    </datafield>
    <datafield tag="380" ind1=" " ind2=" ">
      <subfield code="a">Novel</subfield>
      <subfield code="0">http://id.loc.gov/authorities/genreForms/gf2015026020</subfield>
      <subfield code="2">LCSH</subfield>
    </datafield>
       <datafield tag="505" ind1="0" ind2=" ">
      <subfield code="a">Inneholder også utvalgte brev</subfield>
    </datafield>
    <datafield tag="505" ind1="0" ind2=" ">
      <subfield code="a">Innholder: Markens grøde (1917) ; Landstrykere (1927) ; På gjengrodde stier (1949)</subfield>
    </datafield>
    <datafield tag="700" ind1="1" ind2="2">
      <subfield code="a">Hamsun, Knut, </subfield>
      <subfield code="d">1859-1952.</subfield>
      <subfield code="t">Landstrykere</subfield>
       <subfield code="l">Norwegian</subfield>
      <subfield code="0">http://viaf.org/viaf/180078068</subfield>
      <subfield code="4">http://rdaregistry.info/Elements/w/P10019l</subfield>
    </datafield>
    <datafield tag="700" ind1="1" ind2="2">
      <subfield code="a">Hamsun, Knut, </subfield>
      <subfield code="d">1859-1952.</subfield>
      <subfield code="t">Markens grøde</subfield>
        <subfield code="l">Norwegian</subfield>
      <subfield code="0">http://viaf.org/viaf/294124367</subfield>
      <subfield code="4">http://rdaregistry.info/Elements/w/P10019l</subfield>
    </datafield>
    <datafield tag="700" ind1="1" ind2="2">
     <subfield code="a">Hamsun, Knut, </subfield>
      <subfield code="d">1859-1952.</subfield>
      <subfield code="t">På gjengrodde stier</subfield>
         <subfield code="l">Norwegian</subfield>
      <subfield code="0">http://viaf.org/viaf/30145424502786830193</subfield>
      <subfield code="4">http://rdaregistry.info/Elements/w/P10019l</subfield>
    </datafield>
  </record>