
  <record>
    <leader>00613nam  2200217   4500</leader>
    <controlfield tag="001">372120</controlfield>
    <controlfield tag="008">080729                a          10eng 2</controlfield>
    <datafield tag="015" ind1=" " ind2=" ">
      <subfield code="a">0218545</subfield>
    </datafield>
    <datafield tag="015" ind1=" " ind2=" ">
      <subfield code="a">8424079</subfield>
    </datafield>
    <datafield tag="020" ind1=" " ind2=" ">
      <subfield code="a">1-84195-819-0</subfield>
    </datafield>
    <datafield tag="020" ind1=" " ind2=" ">
      <subfield code="a">978-1-84195-819-4</subfield>
    </datafield>
    <datafield tag="041" ind1=" " ind2=" ">
      <subfield code="h">nob</subfield>
    </datafield>
    <datafield tag="100" ind1="1" ind2=" ">
      <subfield code="a">Hamsun, Knut, </subfield>
      <subfield code="d">1859-1952.</subfield>
      <subfield code="4">aut</subfield>
      <subfield code="0">http://viaf.org/viaf/59083692</subfield>
    </datafield>
    <datafield tag="240" ind1="1" ind2="0">
      <subfield code="a">Sult.</subfield>
      <subfield code="l">English</subfield>
      <subfield code="0">http://viaf.org/viaf/220443771</subfield>
    </datafield>
    <datafield tag="245" ind1="1" ind2="0">
      <subfield code="a">Hunger /</subfield>
      <subfield code="c">Knut Hamsun ; oversatt fra norsk av Sverre Lyngstad ; forord av Paul Auster.</subfield>
    </datafield>
    <datafield tag="260" ind1=" " ind2=" ">
      <subfield code="a">Edinburgh :</subfield>
      <subfield code="b">Canongate,</subfield>
      <subfield code="c">2006.</subfield>
    </datafield>
    <datafield tag="300" ind1=" " ind2=" ">
      <subfield code="a">153 s.</subfield>
    </datafield>
     <datafield tag="336" ind1=" " ind2=" ">
      <subfield code="a">text</subfield>
      <subfield code="b">txt</subfield>
      <subfield code="2">rdacontent</subfield>
      <subfield code="0">http://rdaregistry.info/termList/RDAContentType/1020</subfield>
    </datafield>
<datafield tag="337" ind1=" " ind2=" ">
      <subfield code="a">unmediated</subfield>
      <subfield code="b">n</subfield>
      <subfield code="2">rdamedia</subfield>
      <subfield code="0">http://rdaregistry.info/termList/RDAMediaType/1007</subfield>
    </datafield>
    <datafield tag="338" ind1=" " ind2=" ">
      <subfield code="a">volume</subfield>
       <subfield code="b">nc</subfield>
      <subfield code="2">rdacarrier</subfield>
      <subfield code="0">http://rdaregistry.info/termList/RDACarrierType/1049</subfield>
    </datafield>
    <datafield tag="380" ind1=" " ind2=" ">
      <subfield code="a">Novel</subfield>
      <subfield code="0">http://id.loc.gov/authorities/genreForms/gf2015026020</subfield>
      <subfield code="2">LCSH</subfield>
    </datafield>
         <datafield tag="700" ind1="1" ind2=" ">
      <subfield code="a">Auster, Paul,</subfield>
      <subfield code="d">1947-</subfield>
      <subfield code="j">http://rdaregistry.info/Elements/a/P50149</subfield>
      <subfield code="0">http://viaf.org/viaf/110344312</subfield>
      <subfield code="4">aui</subfield>
    </datafield>
    <datafield tag="700" ind1="1" ind2=" ">
      <subfield code="a">Lyngstad, Sverre, </subfield>
      <subfield code="d">1926-</subfield>
      <subfield code="i">http://rdaregistry.info/Elements/a/object/P50145</subfield>
      <subfield code="0">http://viaf.org/viaf/111655332</subfield>
      <subfield code="4">trl</subfield>
    </datafield>
  </record>