
  <record>
    <leader>00651nam  2200217   4500</leader>
    <controlfield tag="001">47957</controlfield>
    <controlfield tag="007">                                          </controlfield>
    <controlfield tag="008">870708                a          1 ger    </controlfield>
    <datafield tag="015" ind1=" " ind2=" ">
      <subfield code="a">1176716</subfield>
    </datafield>
    <datafield tag="041" ind1=" " ind2=" ">
      <subfield code="h">nor</subfield>
    </datafield>
    <datafield tag="100" ind1="1" ind2=" ">
      <subfield code="a">Hamsun, Knut, </subfield>
      <subfield code="d">1859-1952.</subfield>
      <subfield code="4">aut</subfield>
      <subfield code="0">http://viaf.org/viaf/59083692</subfield>
    </datafield>
    <datafield tag="240" ind1="1" ind2="0">
      <subfield code="a">Sult.</subfield>
      <subfield code="l">German</subfield>
      <subfield code="0">http://viaf.org/viaf/220443771</subfield>
    </datafield>
    <datafield tag="245" ind1="1" ind2="0">
      <subfield code="a">Hunger /</subfield>
      <subfield code="b">roman /</subfield>
      <subfield code="c">Knut Hamsun ; oversatt fra norsk og redigert av  J. Sandmeier og S. Angermann.</subfield>
    </datafield>
    <datafield tag="260" ind1=" " ind2=" ">
      <subfield code="a">München :</subfield>
      <subfield code="b">Suhrkamp,</subfield>
      <subfield code="c">1969.</subfield>
    </datafield>
    <datafield tag="300" ind1=" " ind2=" ">
      <subfield code="a">215 s.</subfield>
    </datafield>
   <datafield tag="336" ind1=" " ind2=" ">
      <subfield code="a">text</subfield>
      <subfield code="b">txt</subfield>
      <subfield code="2">rdacontent</subfield>
      <subfield code="0">http://rdaregistry.info/termList/RDAContentType/1020</subfield>
    </datafield>
   <datafield tag="337" ind1=" " ind2=" ">
      <subfield code="a">unmediated</subfield>
      <subfield code="b">n</subfield>
      <subfield code="2">rdamedia</subfield>
      <subfield code="0">http://rdaregistry.info/termList/RDAMediaType/1007</subfield>
    </datafield>
    <datafield tag="338" ind1=" " ind2=" ">
      <subfield code="a">volume</subfield>
       <subfield code="b">nc</subfield>
      <subfield code="2">rdacarrier</subfield>
      <subfield code="0">http://rdaregistry.info/termList/RDACarrierType/1049</subfield>
    </datafield>
    <datafield tag="380" ind1=" " ind2=" ">
      <subfield code="a">Novel</subfield>
      <subfield code="0">http://id.loc.gov/authorities/genreForms/gf2015026020</subfield>
      <subfield code="2">LCSH</subfield>
    </datafield>
        <datafield tag="700" ind1="1" ind2=" ">
      <subfield code="a">Sandmeier, Julius, </subfield>
      <subfield code="d">1881-1941.</subfield>
      <subfield code="i">http://rdaregistry.info/Elements/a/object/P50145</subfield>
      <subfield code="0">http://viaf.org/viaf/59960174</subfield>
      <subfield code="4">trl</subfield>
    </datafield>
    <datafield tag="700" ind1="1" ind2=" ">
      <subfield code="a">Angermann, Sophie, </subfield>
      <subfield code="d">1892-1973.</subfield>
      <subfield code="i">http://rdaregistry.info/Elements/a/object/P50145</subfield>
      <subfield code="0">http://viaf.org/viaf/162089799</subfield>
      <subfield code="4">trl</subfield>
    </datafield>
  </record>