
  <record>
    <leader>00777nam  2200265   4500</leader>
    <controlfield tag="001">194591</controlfield>
    <controlfield tag="008">020425                a          10nob 2</controlfield>
    <datafield tag="015" ind1=" " ind2=" ">
      <subfield code="a">0127277</subfield>
    </datafield>
    <datafield tag="015" ind1=" " ind2=" ">
      <subfield code="a">754890</subfield>
    </datafield>
    <datafield tag="020" ind1=" " ind2=" ">
      <subfield code="a">82-421-1102-2</subfield>
    </datafield>
    <datafield tag="100" ind1="1" ind2=" ">
      <subfield code="a">Hamsun, Knut, </subfield>
      <subfield code="d">1859-1952.</subfield>
      <subfield code="4">aut</subfield>
      <subfield code="0">http://viaf.org/viaf/59083692</subfield>
    </datafield>
    <datafield tag="240" ind1="1" ind2="0">
      <subfield code="a">Kjærlighetens slaver.</subfield>
      <subfield code="0">http://viaf.org/viaf/2840154387140130970009</subfield>
    </datafield>
    <datafield tag="245" ind1="1" ind2="0">
      <subfield code="a">Kjærlighetens slaver </subfield>
      <subfield code="h">lydopptak</subfield>
      <subfield code="b">og andre noveller</subfield>
      <subfield code="c">Knut Hamsun.</subfield>
    </datafield>
    <datafield tag="260" ind1=" " ind2=" ">
      <subfield code="a">[Melhus] :</subfield>
      <subfield code="b">Lydbokforl.,</subfield>
      <subfield code="c">2002.</subfield>
    </datafield>
    <datafield tag="300" ind1=" " ind2=" ">
      <subfield code="a">2 maskinlesbare optiske plater (1 t, 34 min)</subfield>
    </datafield>
   <datafield tag="336" ind1=" " ind2=" ">
      <subfield code="a">spoken word</subfield>
      <subfield code="b">spw</subfield>
      <subfield code="2">rdacontent</subfield>
      <subfield code="0">http://rdaregistry.info/termList/RDAContentType/1013</subfield>
    </datafield>
<datafield tag="337" ind1=" " ind2=" ">
      <subfield code="a">audio</subfield>
      <subfield code="b">s</subfield>
      <subfield code="2">rdamedia</subfield>
      <subfield code="0">http://rdaregistry.info/termList/RDAMediaType/1001</subfield>
    </datafield>
    <datafield tag="338" ind1=" " ind2=" ">
      <subfield code="a">audio disc</subfield>
      <subfield code="b">sd</subfield>
      <subfield code="2">rdacarrier</subfield>
      <subfield code="0">http://rdaregistry.info/termList/RDACarrierType/1004</subfield>
    </datafield>
     <datafield tag="380" ind1=" " ind2=" ">
      <subfield code="a">Audiobooks</subfield>
      <subfield code="0">http://id.loc.gov/authorities/genreForms/gf2011026063</subfield>
      <subfield code="2">LCSH</subfield>
    </datafield>
    <datafield tag="505" ind1="0" ind2=" ">
      <subfield code="a">Inneholder 6 noveller</subfield>
    </datafield>
     <datafield tag="700" ind1="1" ind2=" ">
      <subfield code="a">Hamsun, Knut, </subfield>
      <subfield code="d">1859-1952.</subfield>
      <subfield code="i">Adaptation of work</subfield>
      <subfield code="t">Kjærlighetens slaver</subfield>
      <subfield code="1">http://viaf.org/viaf/2840154387140130970009</subfield>
      <subfield code="4">http://rdaregistry.info/Elements/w/P10142</subfield>
       </datafield>
         <datafield tag="700" ind1="1" ind2=" ">
      <subfield code="a">Hårstad, Jan, </subfield>
      <subfield code="d">1943-</subfield>
      <subfield code="j">http://rdaregistry.info/Elements/a/object/P50081</subfield>
      <subfield code="0">http://viaf.org/viaf/59147121680626390691</subfield>
      <subfield code="4">nrt</subfield>
    </datafield>
    <datafield tag="740" ind1="0" ind2="2">
      <subfield code="a">Alexander og Leonarda</subfield>
    </datafield>
    <datafield tag="740" ind1="0" ind2="2">
      <subfield code="a">Erobreren</subfield>
    </datafield>
    <datafield tag="740" ind1="0" ind2="2">
      <subfield code="a">Julegilde</subfield>
    </datafield>
    <datafield tag="740" ind1="0" ind2="2">
      <subfield code="a">Kvindeseir</subfield>
    </datafield>
    <datafield tag="740" ind1="0" ind2="2">
      <subfield code="a">Livets røst</subfield>
    </datafield>
  </record>