
  <record>
    <leader>00748cam a22002537c 4500</leader>
    <controlfield tag="001">990402058864702201</controlfield>
    <controlfield tag="005">20110826163702.0</controlfield>
    <controlfield tag="007">ta</controlfield>
    <controlfield tag="008">110826s1922    xx#|||||||||||000|u|swe|</controlfield>
    <datafield tag="015" ind1=" " ind2=" ">
      <subfield code="a">2701446</subfield>
      <subfield code="2">nbf</subfield>
    </datafield>
    <datafield tag="041" ind1="1" ind2=" ">
      <subfield code="h">nob</subfield>
    </datafield>
    <datafield tag="044" ind1=" " ind2=" ">
      <subfield code="c">se</subfield>
    </datafield>
    <datafield tag="100" ind1="1" ind2=" ">
      <subfield code="a">Undset, Sigrid, </subfield>
      <subfield code="d">1882-1949.</subfield>
      <subfield code="4">aut</subfield>
      <subfield code="0">http://viaf.org/viaf/73860916</subfield>
    </datafield>
    <datafield tag="240" ind1="1" ind2="3">
      <subfield code="a">De kloge jomfruer.</subfield>
      <subfield code="l">Swedish</subfield>
      <subfield code="0">http://www.wikidata.org/entity/ Q59275886</subfield>
    </datafield>
    <datafield tag="245" ind1="1" ind2="0">
      <subfield code="a">Visa jungfrur /</subfield>
      <subfield code="c">Sigrid Undset ; oversatt fra norsk av Axel Nihlén.</subfield>
    </datafield>
    <datafield tag="260" ind1=" " ind2=" ">
      <subfield code="a">Stockholm :</subfield>
      <subfield code="b">Norstedt,</subfield>
      <subfield code="c">1922.</subfield>
    </datafield>
    <datafield tag="300" ind1=" " ind2=" ">
      <subfield code="a">178 s.</subfield>
    </datafield>
        <datafield tag="700" ind1="1" ind2=" ">
      <subfield code="a">Nihlén, Axel, </subfield>
      <subfield code="i">http://rdaregistry.info/Elements/a/object/P50145</subfield>
      <subfield code="0">http://viaf.org/viaf/153149294303380521548</subfield>
      <subfield code="4">trl</subfield>
    </datafield>
    <datafield tag="740" ind1="3" ind2=" ">
      <subfield code="a">De kloke jomfruer</subfield>
    </datafield>
  </record>