
  <record>
    <leader>00862cam a2200253 c 4500</leader>
    <controlfield tag="001">990224061584702201</controlfield>
    <controlfield tag="005">20170126150848.0</controlfield>
    <controlfield tag="007">ta</controlfield>
    <controlfield tag="007">cr||||||||||||</controlfield>
    <controlfield tag="008">130514s1925    xx#||||| |||||000|u|nob|d</controlfield>
    <datafield tag="100" ind1="1" ind2=" ">
      <subfield code="a">Undset, Sigrid, </subfield>
      <subfield code="d">1882-1949.</subfield>
      <subfield code="4">aut</subfield>
      <subfield code="0">http://viaf.org/viaf/73860916</subfield>
    </datafield>
    <datafield tag="240" ind1="0" ind2="0">
      <subfield code="a">Kristin Lavransdatter.</subfield>
      <subfield code="l">Norwegian</subfield>
      <subfield code="0">http://viaf.org/viaf/312496684</subfield>
    </datafield>
    <datafield tag="245" ind1="1" ind2="0">
      <subfield code="a">Kristin Lavransdatter /</subfield>
      <subfield code="c">Sigrid Undset.</subfield>
      <subfield code="n">[1]</subfield>
      <subfield code="p">Kransen</subfield>
    </datafield>
    <datafield tag="250" ind1=" " ind2=" ">
      <subfield code="a">Bibliofilutg.</subfield>
    </datafield>
    <datafield tag="260" ind1=" " ind2=" ">
      <subfield code="a">Oslo :</subfield>
      <subfield code="b">Aschehoug,</subfield>
      <subfield code="c">1925.</subfield>
    </datafield>
    <datafield tag="300" ind1=" " ind2=" ">
      <subfield code="a">352 s.</subfield>
    </datafield>
  </record>