
  <record>
    <leader>01149cgm a2200277 c 4500</leader>
    <controlfield tag="001">999621291944702201</controlfield>
    <controlfield tag="005">20150924104845.0</controlfield>
    <controlfield tag="007">vf |b||||</controlfield>
    <controlfield tag="008">150924s1995    xx#|||||||||||||||v|nob|d</controlfield>
    <datafield tag="245" ind1="1" ind2="0">
      <subfield code="a">Kristin Lavransdatter</subfield>
      <subfield code="c">manuskript og regi: Liv Ullman ; fotograf: Sven Nykvist ; produsenter: Göran Lindström og Esben Høylund Carlsen.</subfield>
      <subfield code="h">[videoopptak]</subfield>
      <subfield code="p">Kransen</subfield>
    </datafield>
    <datafield tag="264" ind1=" " ind2="1">
      <subfield code="a">Norge :</subfield>
      <subfield code="b">Norsk Film,</subfield>
      <subfield code="c">1995 (videodistribusjon s.a.).</subfield>
    </datafield>
    <datafield tag="300" ind1=" " ind2=" ">
      <subfield code="a">1 videokassett (VHS) (183 min)</subfield>
      <subfield code="b">lyd, kol.</subfield>
    </datafield>
   <datafield tag="336" ind1=" " ind2=" ">
      <subfield code="a">two-dimensional moving image</subfield>
      <subfield code="b">tdi</subfield>
      <subfield code="2">rdacontent</subfield>
      <subfield code="0">http://rdaregistry.info/termList/RDAContentType/1023</subfield>
    </datafield>
<datafield tag="337" ind1=" " ind2=" ">
      <subfield code="a">video</subfield>
      <subfield code="b">v</subfield>
      <subfield code="2">rdamedia</subfield>
      <subfield code="0">http://rdaregistry.info/termList/RDAMediaType/1008</subfield>
    </datafield>
    <datafield tag="338" ind1=" " ind2=" ">
      <subfield code="a">videocassette</subfield>
      <subfield code="b">vf</subfield>
      <subfield code="2">rdacarrier</subfield>
      <subfield code="0">http://rdaregistry.info/termList/RDACarrierType/1052</subfield>
    </datafield>
      <datafield tag="380" ind1=" " ind2=" ">
      <subfield code="a">Motion pictures</subfield>
      <subfield code="0">http://id.loc.gov/authorities/genreForms/gf2011026406</subfield>
      <subfield code="2">LCSH</subfield>
    </datafield>
    <datafield tag="500" ind1=" " ind2=" ">
      <subfield code="a">Rolleliste: Elisabeth Matheson, Henny Moan, Bjørn Skagestad.</subfield>
    </datafield>
    <datafield tag="500" ind1=" " ind2=" ">
      <subfield code="a">Aldersgrense: 11 år</subfield>
    </datafield>
    <datafield tag="520" ind1=" " ind2=" ">
      <subfield code="a">Bygger på romanen: Kristin Lavransadatter / Sigrid Undset</subfield>
    </datafield>
      <datafield tag="700" ind1="1" ind2=" ">
      <subfield code="a">Nykvist, Sven, </subfield>
      <subfield code="d">1922-2006</subfield>
      <subfield code="i">http://rdaregistry.info/Elements/a/P50207</subfield>
      <subfield code="0">http://viaf.org/viaf/37136158</subfield>
      <subfield code="4">cng</subfield>
    </datafield>
    <datafield tag="700" ind1="1" ind2=" ">
      <subfield code="a">Undset, Sigrid, </subfield>
      <subfield code="d">1882-1949.</subfield>
      <subfield code="i">Adapted as motion picture work</subfield>
      <subfield code="t">Kristin Lavransdatter.</subfield>
      <subfield code="0">http://viaf.org/viaf/312496684</subfield>
      <subfield code="4">http://rdaregistry.info/Elements/w/P10025</subfield>
    </datafield>
    <datafield tag="700" ind1="1" ind2=" ">
      <subfield code="a">Ullmann, Liv,</subfield>
      <subfield code="d">1938-</subfield>
      <subfield code="i">http://rdaregistry.info/Elements/a/P50048</subfield>
      <subfield code="0">http://viaf.org/viaf/99855335</subfield>
      <subfield code="4">drt</subfield>
    </datafield>
     <datafield tag="700" ind1="1" ind2=" ">
      <subfield code="a">Lindström, Göran,</subfield>
      <subfield code="d">1927-1980.</subfield>
      <subfield code="i">http://rdaregistry.info/Elements/a/P50213</subfield>
      <subfield code="0">http://viaf.org/viaf/76396184</subfield>
      <subfield code="4">fmp</subfield>
    </datafield>
    <datafield tag="700" ind1="1" ind2=" ">
      <subfield code="a">Carlsen, Esben Høilund,</subfield>
      <subfield code="d">1941-2011.</subfield>
      <subfield code="i">http://rdaregistry.info/Elements/a/P50213</subfield>
      <subfield code="0">http://viaf.org/viaf/315548494</subfield>
      <subfield code="4">fmp</subfield>
    </datafield>
    <datafield tag="700" ind1="1" ind2=" ">
      <subfield code="a">Matheson, Elisabeth, </subfield>
      <subfield code="d">1967-</subfield>
      <subfield code="i">http://rdaregistry.info/Elements/a/P50071</subfield>
      <subfield code="0">http://viaf.org/viaf/5952148574277524430007</subfield>
      <subfield code="4">act</subfield>
    </datafield>
    <datafield tag="700" ind1="1" ind2=" ">
      <subfield code="a">Moan, Henny, </subfield>
      <subfield code="d">1936-</subfield>
      <subfield code="i">http://rdaregistry.info/Elements/a/P50071</subfield>
      <subfield code="0">http://viaf.org/viaf/229609977</subfield>
      <subfield code="4">act</subfield>
    </datafield>
    <datafield tag="700" ind1="1" ind2=" ">
      <subfield code="a">Skagestad, Bjørn, </subfield>
      <subfield code="d">1950-</subfield>
      <subfield code="i">http://rdaregistry.info/Elements/a/P50071</subfield>
      <subfield code="0">http://viaf.org/viaf/231617983</subfield>
      <subfield code="4">act</subfield>
    </datafield>
  </record>