
  <record>
    <leader>00816cam a2200253 c 4500</leader>
    <controlfield tag="001">991510801274702201</controlfield>
    <controlfield tag="005">20160622161422.0</controlfield>
    <controlfield tag="007">ta</controlfield>
    <controlfield tag="008">150916s1982    no#|||||||||||000|1|nno|</controlfield>
    <datafield tag="015" ind1=" " ind2=" ">
      <subfield code="a">8202456</subfield>
      <subfield code="2">nbf</subfield>
    </datafield>
    <datafield tag="044" ind1=" " ind2=" ">
      <subfield code="c">no</subfield>
    </datafield>
    <datafield tag="082" ind1="0" ind2="4">
      <subfield code="a">839.92</subfield>
    </datafield>
    <datafield tag="100" ind1="1" ind2=" ">
      <subfield code="a">Skagestad, Tormod, </subfield>
      <subfield code="d">1920-1997.</subfield>
      <subfield code="4">aut</subfield>
      <subfield code="0">http://viaf.org/viaf/77941712</subfield>
    </datafield>
    <datafield tag="245" ind1="1" ind2="0">
      <subfield code="a">Kristin Lavransdatter. Kransen /</subfield>
      <subfield code="c">Sigrid Undset ; dramatisert av Tormod Skagestad.</subfield>
    </datafield>
    <datafield tag="260" ind1=" " ind2=" ">
      <subfield code="a">[Oslo] :</subfield>
      <subfield code="b">[Det Norske teatret],</subfield>
      <subfield code="c">[1982].</subfield>
    </datafield>
    <datafield tag="300" ind1=" " ind2=" ">
      <subfield code="a">147 bl.</subfield>
    </datafield>
    <datafield tag="336" ind1=" " ind2=" ">
      <subfield code="a">text</subfield>
      <subfield code="b">txt</subfield>
      <subfield code="2">rdacontent</subfield>
      <subfield code="0">http://rdaregistry.info/termList/RDAContentType/1020</subfield>
    </datafield>
    <datafield tag="337" ind1=" " ind2=" ">
      <subfield code="a">unmediated</subfield>
      <subfield code="b">n</subfield>
      <subfield code="2">rdamedia</subfield>
      <subfield code="0">http://rdaregistry.info/termList/RDAMediaType/1007</subfield>
    </datafield>
    <datafield tag="338" ind1=" " ind2=" ">
      <subfield code="a">volume</subfield>
       <subfield code="b">nc</subfield>
      <subfield code="2">rdacarrier</subfield>
      <subfield code="0">http://rdaregistry.info/termList/RDACarrierType/1049</subfield>
    </datafield>
    <datafield tag="380" ind1=" " ind2=" ">
      <subfield code="a">Novel</subfield>
      <subfield code="0">http://id.loc.gov/authorities/genreForms/gf2015026020</subfield>
      <subfield code="2">LCSH</subfield>
    </datafield>
    <datafield tag="500" ind1=" " ind2=" ">
      <subfield code="a">Oppført på det Norske teatret sesongen 1982/83</subfield>
    </datafield>
    <datafield tag="700" ind1="1" ind2=" ">
      <subfield code="a">Undset, Sigrid, </subfield>
      <subfield code="d">1882-1949.</subfield>
      <subfield code="i">Screenplay based on work.</subfield>
      <subfield code="t">Kristin Lavransdatter.</subfield>
      <subfield code="0">http://viaf.org/viaf/312496684</subfield>
      <subfield code="4">http://rdaregistry.info/Elements/w/P10133</subfield>
    </datafield>
    <datafield tag="710" ind1="2" ind2=" ">
      <subfield code="a">Det Norske teatret</subfield>
      <subfield code="0">http://viaf.org/viaf/221317102</subfield>
    </datafield>
  </record>