
  <record>
    <leader>01099cim a2200301 c 4500</leader>
    <controlfield tag="001">999214831714702201</controlfield>
    <controlfield tag="005">20160811094502.0</controlfield>
    <controlfield tag="007">ss |||||||||||</controlfield>
    <controlfield tag="008">110826s1992    no#|||| |||||||f#|||nob|</controlfield>
    <datafield tag="015" ind1=" " ind2=" ">
      <subfield code="a">9201130</subfield>
      <subfield code="2">nbf</subfield>
    </datafield>
    <datafield tag="020" ind1=" " ind2=" ">
      <subfield code="a">8242101736</subfield>
    </datafield>
    <datafield tag="044" ind1=" " ind2=" ">
      <subfield code="c">no</subfield>
    </datafield>
    <datafield tag="082" ind1="0" ind2="4">
      <subfield code="a">839.823</subfield>
    </datafield>
    <datafield tag="100" ind1="1" ind2=" ">
      <subfield code="a">Undset, Sigrid, </subfield>
      <subfield code="d">1882-1949.</subfield>
      <subfield code="4">aut</subfield>
      <subfield code="0">http://viaf.org/viaf/73860916</subfield>
    </datafield>
    <datafield tag="240" ind1="1" ind2="0">
      <subfield code="a">Fattige skjæbner.</subfield>
      <subfield code="l">Norwegian</subfield>
      <subfield code="0">http://www.wikidata.org/entity/Q59221019</subfield>
    </datafield>
    <datafield tag="245" ind1="1" ind2="0">
      <subfield code="a">Fattige skjebner /</subfield>
      <subfield code="c">Sigrid Undset.</subfield>
      <subfield code="h">[lydopptak]</subfield>
    </datafield>
    <datafield tag="260" ind1=" " ind2=" ">
      <subfield code="a">Melhus :</subfield>
      <subfield code="b">Lydbokforl.,</subfield>
      <subfield code="c">1992.</subfield>
    </datafield>
    <datafield tag="300" ind1=" " ind2=" ">
      <subfield code="a">4 maskinlesbare magnetbåndkassetter (360 min)</subfield>
      <subfield code="c">i eske 19 x 14 x 3 cm</subfield>
    </datafield>
    <datafield tag="336" ind1=" " ind2=" ">
      <subfield code="a">spoken word</subfield>
      <subfield code="b">spw</subfield>
      <subfield code="2">rdacontent</subfield>
      <subfield code="0">http://rdaregistry.info/termList/RDAContentType/1013</subfield>
    </datafield>
<datafield tag="337" ind1=" " ind2=" ">
      <subfield code="a">audio</subfield>
      <subfield code="b">s</subfield>
      <subfield code="2">rdamedia</subfield>
      <subfield code="0">http://rdaregistry.info/termList/RDAMediaType/1001</subfield>
    </datafield>
    <datafield tag="338" ind1=" " ind2=" ">
      <subfield code="a">audiocassette</subfield>
      <subfield code="b">ss</subfield>
      <subfield code="2">rdacarrier</subfield>
      <subfield code="0">http://rdaregistry.info/termList/RDACarrierType/1007</subfield>
          </datafield>
      <datafield tag="380" ind1=" " ind2=" ">
      <subfield code="a">Audiobooks</subfield>
      <subfield code="0">http://id.loc.gov/authorities/genreForms/gf2011026063</subfield>
      <subfield code="2">LCSH</subfield>
    </datafield>
    <datafield tag="500" ind1=" " ind2=" ">
      <subfield code="a">Lest av Trine Lossius Borg</subfield>
    </datafield>
     <datafield tag="700" ind1="1" ind2=" ">
      <subfield code="a">Undset, Sigrid, </subfield>
      <subfield code="d">1882-1949.</subfield>
      <subfield code="i">Adaptation of  work</subfield>
      <subfield code="t">Fattige skjebner.</subfield>
      <subfield code="0">https://www.wikidata.org/wiki/Q59221019</subfield>
      <subfield code="4">http://rdaregistry.info/Elements/w/P10142</subfield>
    </datafield>
        <datafield tag="700" ind1="1" ind2=" ">
      <subfield code="a">Borg, Trine Lossius, </subfield>
      <subfield code="j">http://rdaregistry.info/Elements/a/object/P50081</subfield>
      <subfield code="0">http://viaf.org/viaf/414149066552965601364</subfield>
      <subfield code="4">nrt</subfield>
    </datafield>
    <datafield tag="740" ind1="0" ind2=" ">
      <subfield code="a">Fattige skjæbner</subfield>
    </datafield>
  </record>