
  <record>
    <leader>00955cam a2200301 c 4500</leader>
    <controlfield tag="001">990935047724702201</controlfield>
    <controlfield tag="005">20170124085239.0</controlfield>
    <controlfield tag="007">ta</controlfield>
    <controlfield tag="008">110826s2009    xx#|||||||||||000|0bswe|</controlfield>
    <datafield tag="015" ind1=" " ind2=" ">
      <subfield code="a">0915443</subfield>
      <subfield code="2">nbf</subfield>
    </datafield>
    <datafield tag="020" ind1=" " ind2=" ">
      <subfield code="a">9789100119331</subfield>
      <subfield code="q">ib.</subfield>
    </datafield>
    <datafield tag="041" ind1="1" ind2=" ">
      <subfield code="h">nob</subfield>
    </datafield>
    <datafield tag="044" ind1=" " ind2=" ">
      <subfield code="c">se</subfield>
    </datafield>
    <datafield tag="082" ind1="0" ind2="4">
      <subfield code="a">839.823</subfield>
    </datafield>
    <datafield tag="100" ind1="1" ind2=" ">
      <subfield code="a">Slapgard, Sigrun, </subfield>
      <subfield code="d">1953-</subfield>
      <subfield code="4">aut</subfield>
      <subfield code="0">http://viaf.org/viaf/73860916</subfield>
    </datafield>
    <datafield tag="240" ind1="1" ind2="0">
      <subfield code="a">Sigrid Undset, dikterdronningen.</subfield>
      <subfield code="l">Swedish</subfield>
      <subfield code="0">http://www.wikidata.org/entity/Q62895253</subfield>
    </datafield>
    <datafield tag="245" ind1="1" ind2="0">
      <subfield code="a">Diktardrottningen /</subfield>
      <subfield code="b">Sigrid Undset : biografi /</subfield>
      <subfield code="c">Sigrun Slapgaard ; oversatt fra norsk av Gun-Britt Sundström.</subfield>
    </datafield>
    <datafield tag="260" ind1=" " ind2=" ">
      <subfield code="a">[Stockholm] :</subfield>
      <subfield code="b">Bonnier,</subfield>
      <subfield code="c">2009.</subfield>
    </datafield>
    <datafield tag="300" ind1=" " ind2=" ">
      <subfield code="a">758 s.</subfield>
    </datafield>
     <datafield tag="336" ind1=" " ind2=" ">
      <subfield code="a">text</subfield>
      <subfield code="b">txt</subfield>
      <subfield code="2">rdacontent</subfield>
      <subfield code="0">http://rdaregistry.info/termList/RDAContentType/1020</subfield>
    </datafield>
   <datafield tag="337" ind1=" " ind2=" ">
      <subfield code="a">unmediated</subfield>
      <subfield code="b">n</subfield>
      <subfield code="2">rdamedia</subfield>
      <subfield code="0">http://rdaregistry.info/termList/RDAMediaType/1007</subfield>
    </datafield>
    <datafield tag="338" ind1=" " ind2=" ">
      <subfield code="a">volume</subfield>
       <subfield code="b">nc</subfield>
      <subfield code="2">rdacarrier</subfield>
      <subfield code="0">http://rdaregistry.info/termList/RDACarrierType/1049</subfield>
    </datafield>
    <datafield tag="380" ind1=" " ind2=" ">
      <subfield code="a">Novel</subfield>
      <subfield code="0">http://id.loc.gov/authorities/genreForms/gf2015026020</subfield>
      <subfield code="2">LCSH</subfield>
    </datafield>
      <datafield tag="600" ind1="1" ind2="4">
      <subfield code="a">Undset, Sigrid</subfield>
      <subfield code="d">1882-1949</subfield>
      <subfield code="0">http://viaf.org/viaf/73860916</subfield>
      <subfield code="4">aut</subfield>
    </datafield>
    <datafield tag="700" ind1="1" ind2=" ">
      <subfield code="a">Sundström, Gun-Britt, </subfield>
      <subfield code="d">1945-</subfield>
      <subfield code="i">http://rdaregistry.info/Elements/a/object/P50145</subfield>
      <subfield code="0">http://viaf.org/viaf/22699599</subfield>
      <subfield code="4">trl</subfield>
    </datafield>
  </record>