
  <record>
    <leader>00702cam a22002177c 4500</leader>
    <controlfield tag="001">990299587844702201</controlfield>
    <controlfield tag="005">20170124091439.0</controlfield>
    <controlfield tag="007">ta</controlfield>
    <controlfield tag="008">130806s1964    xx#|||||||||||000|u|dan|d</controlfield>
    <datafield tag="100" ind1="1" ind2=" ">
      <subfield code="a">Riisøen, Sverre, </subfield>
      <subfield code="d">1906-1986.</subfield>
      <subfield code="4">aut</subfield>
      <subfield code="0">http://viaf.org/viaf/7149196625574792740</subfield>
    </datafield>
    <datafield tag="240" ind1="0" ind2="3">
      <subfield code="a">De virkelig store.</subfield>
      <subfield code="l">Norwegian</subfield>
      <subfield code="0">http://www.wikidata.org/entity/Q62896155</subfield>
    </datafield>
    <datafield tag="245" ind1="1" ind2="3">
      <subfield code="a">De virkelig store /</subfield>
      <subfield code="b">Sigrid Undset og Knut Hamsun /</subfield>
      <subfield code="c">Sverre Riisøen.</subfield>
    </datafield>
    <datafield tag="260" ind1=" " ind2=" ">
      <subfield code="c">1964.</subfield>
    </datafield>
    <datafield tag="336" ind1=" " ind2=" ">
      <subfield code="a">text</subfield>
      <subfield code="b">txt</subfield>
      <subfield code="2">rdacontent</subfield>
      <subfield code="0">http://rdaregistry.info/termList/RDAContentType/1020</subfield>
    </datafield>
   <datafield tag="337" ind1=" " ind2=" ">
      <subfield code="a">unmediated</subfield>
      <subfield code="b">n</subfield>
      <subfield code="2">rdamedia</subfield>
      <subfield code="0">http://rdaregistry.info/termList/RDAMediaType/1007</subfield>
    </datafield>
    <datafield tag="338" ind1=" " ind2=" ">
      <subfield code="a">volume</subfield>
       <subfield code="b">nc</subfield>
      <subfield code="2">rdacarrier</subfield>
      <subfield code="0">http://rdaregistry.info/termList/RDACarrierType/1049</subfield>
    </datafield>
    <datafield tag="380" ind1=" " ind2=" ">
      <subfield code="a">Novel</subfield>
      <subfield code="0">http://id.loc.gov/authorities/genreForms/gf2015026020</subfield>
      <subfield code="2">LCSH</subfield>
    </datafield>
    <datafield tag="600" ind1="1" ind2="4">
      <subfield code="a">Undset, Sigrid</subfield>
      <subfield code="d">1882-1949</subfield>
      <subfield code="0">http://viaf.org/viaf/73860916</subfield>
      <subfield code="4">aut</subfield>
    </datafield>
    <datafield tag="600" ind1="1" ind2="4">
      <subfield code="a">Hamsun, Knut</subfield>
      <subfield code="d">1859-1952</subfield>
      <subfield code="0">http://viaf.org/viaf/59083692</subfield>
      <subfield code="4">aut</subfield>
    </datafield>
  </record>