
  <record>
    <leader>01379cam a2200385 c 4500</leader>
    <controlfield tag="001">999210995844702201</controlfield>
    <controlfield tag="005">20180618181800.0</controlfield>
    <controlfield tag="007">ta</controlfield>
    <controlfield tag="008">150909s1968    xx#|||||||||||000|u|nob|d</controlfield>
    <datafield tag="015" ind1=" " ind2=" ">
      <subfield code="a">8200912</subfield>
      <subfield code="2">nbf</subfield>
    </datafield>
    <datafield tag="080" ind1=" " ind2=" ">
      <subfield code="a">839.6</subfield>
    </datafield>
    <datafield tag="100" ind1="1" ind2=" ">
      <subfield code="a">Undset, Sigrid, </subfield>
      <subfield code="d">1882-1949.</subfield>
      <subfield code="4">aut</subfield>
      <subfield code="0">http://viaf.org/viaf/73860916</subfield>
    </datafield>
    <datafield tag="240" ind1="0" ind2="3">
      <subfield code="a">De kloge jomfruer.</subfield>
      <subfield code="l">Norwegian</subfield>
      <subfield code="0">http://www.wikidata.org/entity/ Q59275886</subfield>
    </datafield>
    <datafield tag="245" ind1="1" ind2="3">
      <subfield code="a">De kloge jomfruer /</subfield>
      <subfield code="c">Sigrid Undset.</subfield>
    </datafield>
    <datafield tag="260" ind1=" " ind2=" ">
      <subfield code="a">Oslo :</subfield>
      <subfield code="b">Aschehoug,</subfield>
      <subfield code="c">1968.</subfield>
    </datafield>
    <datafield tag="300" ind1=" " ind2=" ">
      <subfield code="a">159 s.</subfield>
    </datafield>
    <datafield tag="336" ind1=" " ind2=" ">
      <subfield code="a">text</subfield>
      <subfield code="b">txt</subfield>
      <subfield code="2">rdacontent</subfield>
      <subfield code="0">http://rdaregistry.info/termList/RDAContentType/1020</subfield>
    </datafield>
   <datafield tag="337" ind1=" " ind2=" ">
      <subfield code="a">unmediated</subfield>
      <subfield code="b">n</subfield>
      <subfield code="2">rdamedia</subfield>
      <subfield code="0">http://rdaregistry.info/termList/RDAMediaType/1007</subfield>
    </datafield>
    <datafield tag="338" ind1=" " ind2=" ">
      <subfield code="a">volume</subfield>
       <subfield code="b">nc</subfield>
      <subfield code="2">rdacarrier</subfield>
      <subfield code="0">http://rdaregistry.info/termList/RDACarrierType/1049</subfield>
    </datafield>
    <datafield tag="380" ind1=" " ind2=" ">
      <subfield code="a">Novel</subfield>
      <subfield code="0">http://id.loc.gov/authorities/genreForms/gf2015026020</subfield>
      <subfield code="2">LCSH</subfield>
    </datafield>
    <datafield tag="490" ind1="0" ind2=" ">
      <subfield code="a">Fontene-bøkene</subfield>
    </datafield>
    <datafield tag="500" ind1=" " ind2=" ">
      <subfield code="a">1. opplag : 1918.</subfield>
    </datafield>
    <datafield tag="740" ind1="3" ind2=" ">
      <subfield code="a">De kloke jomfruer</subfield>
    </datafield>
  </record>