
  <record>
    <leader>00757cam a2200265 c 4500</leader>
    <controlfield tag="001">990222311104702201</controlfield>
    <controlfield tag="005">20110826163702.0</controlfield>
    <controlfield tag="007">ta</controlfield>
    <controlfield tag="008">110826s1966    xx#|||||||||||000|u|fre|</controlfield>
    <datafield tag="015" ind1=" " ind2=" ">
      <subfield code="a">0214757</subfield>
      <subfield code="2">nbf</subfield>
    </datafield>
    <datafield tag="041" ind1="1" ind2=" ">
      <subfield code="h">nob</subfield>
    </datafield>
    <datafield tag="042" ind1=" " ind2=" ">
      <subfield code="a">norbibl</subfield>
    </datafield>
    <datafield tag="044" ind1=" " ind2=" ">
      <subfield code="c">fr</subfield>
    </datafield>
    <datafield tag="100" ind1="1" ind2=" ">
      <subfield code="a">Undset, Sigrid, </subfield>
      <subfield code="d">1882-1949.</subfield>
      <subfield code="4">aut</subfield>
      <subfield code="0">http://viaf.org/viaf/73860916</subfield>
    </datafield>
    <datafield tag="240" ind1="1" ind2="0">
      <subfield code="a">Kristin Lavransdatter.</subfield>
      <subfield code="l">French</subfield>
      <subfield code="0">http://viaf.org/viaf/312496684</subfield>
    </datafield>
    <datafield tag="245" ind1="1" ind2="0">
      <subfield code="a">Christine Lavransdatter /</subfield>
      <subfield code="c">Sigrid Undset ; forord av André Bellessort.</subfield>
    </datafield>
    <datafield tag="260" ind1=" " ind2=" ">
      <subfield code="a">Paris :</subfield>
      <subfield code="b">Stock,</subfield>
      <subfield code="c">1966.</subfield>
    </datafield>
    <datafield tag="300" ind1=" " ind2=" ">
      <subfield code="a">602 s.</subfield>
    </datafield>
    <datafield tag="336" ind1=" " ind2=" ">
      <subfield code="a">text</subfield>
      <subfield code="b">txt</subfield>
      <subfield code="2">rdacontent</subfield>
      <subfield code="0">http://rdaregistry.info/termList/RDAContentType/1020</subfield>
    </datafield>
   <datafield tag="337" ind1=" " ind2=" ">
      <subfield code="a">unmediated</subfield>
      <subfield code="b">n</subfield>
      <subfield code="2">rdamedia</subfield>
      <subfield code="0">http://rdaregistry.info/termList/RDAMediaType/1007</subfield>
    </datafield>
    <datafield tag="338" ind1=" " ind2=" ">
      <subfield code="a">volume</subfield>
       <subfield code="b">nc</subfield>
      <subfield code="2">rdacarrier</subfield>
      <subfield code="0">http://rdaregistry.info/termList/RDACarrierType/1049</subfield>
    </datafield>
    <datafield tag="380" ind1=" " ind2=" ">
      <subfield code="a">Novel</subfield>
      <subfield code="0">http://id.loc.gov/authorities/genreForms/gf2015026020</subfield>
      <subfield code="2">LCSH</subfield>
    </datafield>
        <datafield tag="700" ind1="1" ind2=" ">
      <subfield code="a">Bellessort, André,</subfield>
      <subfield code="d">1866-1942</subfield>
      <subfield code="j">http://rdaregistry.info/Elements/a/P50149</subfield>
      <subfield code="0">http://viaf.org/viaf/66614027</subfield>
      <subfield code="4">aui</subfield>
    </datafield>
  </record>