
  <record>
    <leader>00669nam a22002050  450 </leader>
    <controlfield tag="001">03273008</controlfield>
    <controlfield tag="005">20010128224732.0</controlfield>
    <controlfield tag="008">000000s1983    uik           00| f eng d</controlfield>
    <datafield tag="020" ind1=" " ind2=" ">
      <subfield code="a">0224021303</subfield>
    </datafield>
    <datafield tag="100" ind1="1" ind2=" ">
      <subfield code="a">Lessing, Doris, </subfield>
      <subfield code="d">1919-2013.</subfield>
      <subfield code="4">aut</subfield>
      <subfield code="0">http://viaf.org/viaf/44301766</subfield>
    </datafield>
    <datafield tag="240" ind1="0" ind2="0">
      <subfield code="a">Documents relating to the sentimental agents in the Volyen Empire.</subfield>
      <subfield code="l">English</subfield>
      <subfield code="0">http://viaf.org/viaf/307966243</subfield>
    </datafield>
    <datafield tag="245" ind1="1" ind2="0">
      <subfield code="a">Documents relating to the sentimental agents in the Volyen Empire /</subfield>
      <subfield code="c">Doris Lessing.</subfield>
    </datafield>
    <datafield tag="260" ind1=" " ind2=" ">
      <subfield code="a">London :</subfield>
      <subfield code="b">Cape,</subfield>
      <subfield code="c">1983.</subfield>
    </datafield>
    <datafield tag="300" ind1=" " ind2=" ">
      <subfield code="a">178 s.</subfield>
    </datafield>
    <datafield tag="336" ind1=" " ind2=" ">
      <subfield code="a">text</subfield>
      <subfield code="b">txt</subfield>
      <subfield code="2">rdacontent</subfield>
      <subfield code="0">http://rdaregistry.info/termList/RDAContentType/1020</subfield>
    </datafield>
   <datafield tag="337" ind1=" " ind2=" ">
      <subfield code="a">unmediated</subfield>
      <subfield code="b">n</subfield>
      <subfield code="2">rdamedia</subfield>
      <subfield code="0">http://rdaregistry.info/termList/RDAMediaType/1007</subfield>
    </datafield>
    <datafield tag="338" ind1=" " ind2=" ">
      <subfield code="a">volume</subfield>
       <subfield code="b">nc</subfield>
      <subfield code="2">rdacarrier</subfield>
      <subfield code="0">http://rdaregistry.info/termList/RDACarrierType/1049</subfield>
    </datafield>
    <datafield tag="380" ind1=" " ind2=" ">
      <subfield code="a">Novel</subfield>
      <subfield code="0">http://id.loc.gov/authorities/genreForms/gf2015026020</subfield>
      <subfield code="2">LCSH</subfield>
    </datafield>
     <datafield tag="490" ind1="1" ind2=" ">
      <subfield code="a">Children of violence ;</subfield>
      <subfield code="v">5</subfield>
    </datafield>
       <datafield tag="534" ind1=" " ind2=" ">
      <subfield code="a">Originalutgave 1983.</subfield>
    </datafield>
       <datafield tag="700" ind1="1" ind2=" ">
<subfield code="a">Lessing, Doris,</subfield>
<subfield code="d">1919-2013</subfield>
<subfield code="i">http://rdaregistry.info/Elements/w/datatype/P10156</subfield>
<subfield code="t">The Making of the Representative for Planet 8</subfield>
<subfield code="0">http://viaf.org/viaf/175754060</subfield>
</datafield>
  <datafield tag="740" ind1="4" ind2=" ">
      <subfield code="a">The sentimental agents in the Volyen Empire.</subfield>
    </datafield>
     <datafield tag="800" ind1="1" ind2=" ">
<subfield code="a">Lessing, Doris,</subfield>
<subfield code="d">1919-2013.</subfield>
<subfield code="t">Canopus in Argos: Archives.</subfield>
<subfield code="l">English ;</subfield>
<subfield code="v">5.</subfield>
<subfield code="0">http://viaf.org/viaf/181020551</subfield>
</datafield>
    </record>