
  <record>
    <leader>00351cam a22001213  450 </leader>
    <controlfield tag="001">009550429</controlfield>
    <controlfield tag="008">000000s1970    xx            00| u eng d</controlfield>
    <datafield tag="020" ind1=" " ind2=" ">
      <subfield code="a">0452259681</subfield>
    </datafield>
    <datafield tag="100" ind1="1" ind2=" ">
      <subfield code="a">Lessing, Doris, </subfield>
      <subfield code="d">1919-2013.</subfield>
      <subfield code="4">aut</subfield>
      <subfield code="0">http://viaf.org/viaf/44301766</subfield>
    </datafield>
    <datafield tag="240" ind1="0" ind2="0">
      <subfield code="a">Martha Quest.</subfield>
      <subfield code="l">English</subfield>
      <subfield code="0">http://viaf.org/viaf/307991101</subfield>
    </datafield>
    <datafield tag="245" ind1="1" ind2="0">
      <subfield code="a">Martha Quest /</subfield>
      <subfield code="c">Doris Lessing.</subfield>
    </datafield>
    <datafield tag="260" ind1=" " ind2=" ">
      <subfield code="a">New York :</subfield>
      <subfield code="b">New American Library,</subfield>
      <subfield code="c">1970.</subfield>
    </datafield>
    <datafield tag="300" ind1=" " ind2=" ">
      <subfield code="a">248 s.</subfield>
    </datafield>
    <datafield tag="336" ind1=" " ind2=" ">
      <subfield code="a">text</subfield>
      <subfield code="b">txt</subfield>
      <subfield code="2">rdacontent</subfield>
      <subfield code="0">http://rdaregistry.info/termList/RDAContentType/1020</subfield>
    </datafield>
   <datafield tag="337" ind1=" " ind2=" ">
      <subfield code="a">unmediated</subfield>
      <subfield code="b">n</subfield>
      <subfield code="2">rdamedia</subfield>
      <subfield code="0">http://rdaregistry.info/termList/RDAMediaType/1007</subfield>
    </datafield>
    <datafield tag="338" ind1=" " ind2=" ">
      <subfield code="a">volume</subfield>
       <subfield code="b">nc</subfield>
      <subfield code="2">rdacarrier</subfield>
      <subfield code="0">http://rdaregistry.info/termList/RDACarrierType/1049</subfield>
    </datafield>
    <datafield tag="380" ind1=" " ind2=" ">
      <subfield code="a">Novel</subfield>
      <subfield code="0">http://id.loc.gov/authorities/genreForms/gf2015026020</subfield>
      <subfield code="2">LCSH</subfield>
    </datafield>
    <datafield tag="490" ind1="1" ind2=" ">
      <subfield code="a">Children of violence ;</subfield>
      <subfield code="v">1</subfield>
    </datafield>
    <datafield tag="785" ind1="0" ind2="2">
      <subfield code="t">A proper marriage</subfield>
    </datafield>
    <datafield tag="800" ind1="1" ind2=" ">
<subfield code="a">Lessing, Doris,</subfield>
<subfield code="d">1919-2013.</subfield>
<subfield code="t">Children of violence.</subfield>
<subfield code="l">English ;</subfield>
<subfield code="v">1.</subfield>
<subfield code="1">http://viaf.org/viaf/177475612</subfield>
</datafield>
  </record>