
  <record>
    <leader>00777nam a22002050  450 </leader>
    <controlfield tag="001">05067278</controlfield>
    <controlfield tag="005">20010128224732.0</controlfield>
    <controlfield tag="008">000000r19791976dk            00| f dan d</controlfield>
    <datafield tag="020" ind1=" " ind2=" ">
      <subfield code="a">8701434713 (hf.)</subfield>
    </datafield>
    <datafield tag="041" ind1="1" ind2=" ">
      <subfield code="a">dan</subfield>
      <subfield code="h">eng</subfield>
    </datafield>
    <datafield tag="100" ind1="1" ind2=" ">
      <subfield code="a">Lessing, Doris, </subfield>
      <subfield code="d">1919-2013.</subfield>
      <subfield code="4">aut</subfield>
      <subfield code="0">http://viaf.org/viaf/44301766</subfield>
    </datafield>
    <datafield tag="240" ind1="1" ind2="4">
      <subfield code="a">The grass is singing.</subfield>
      <subfield code="l">Danish</subfield>
      <subfield code="0">http://viaf.org/viaf/297122886</subfield>
    </datafield>
    <datafield tag="245" ind1="1" ind2="0">
      <subfield code="a">Græsset synger /</subfield>
      <subfield code="c">Doris Lessing ; oversatt fra engelsk av Karina Windfeld-Hansen.</subfield>
    </datafield>
    <datafield tag="250" ind1=" " ind2=" ">
      <subfield code="a">1. utg., 2. oppl.</subfield>
    </datafield>
    <datafield tag="260" ind1=" " ind2=" ">
      <subfield code="a">[Kbh.] :</subfield>
      <subfield code="b">Gyldendal,</subfield>
      <subfield code="c">1979.</subfield>
    </datafield>
    <datafield tag="300" ind1=" " ind2=" ">
      <subfield code="a">217 s.</subfield>
      <subfield code="c">20 cm</subfield>
    </datafield>
   <datafield tag="336" ind1=" " ind2=" ">
      <subfield code="a">text</subfield>
      <subfield code="b">txt</subfield>
      <subfield code="2">rdacontent</subfield>
      <subfield code="0">http://rdaregistry.info/termList/RDAContentType/1020</subfield>
    </datafield>
   <datafield tag="337" ind1=" " ind2=" ">
      <subfield code="a">unmediated</subfield>
      <subfield code="b">n</subfield>
      <subfield code="2">rdamedia</subfield>
      <subfield code="0">http://rdaregistry.info/termList/RDAMediaType/1007</subfield>
    </datafield>
    <datafield tag="338" ind1=" " ind2=" ">
      <subfield code="a">volume</subfield>
       <subfield code="b">nc</subfield>
      <subfield code="2">rdacarrier</subfield>
      <subfield code="0">http://rdaregistry.info/termList/RDACarrierType/1049</subfield>
    </datafield>
    <datafield tag="380" ind1=" " ind2=" ">
      <subfield code="a">Novel</subfield>
      <subfield code="0">http://id.loc.gov/authorities/genreForms/gf2015026020</subfield>
      <subfield code="2">LCSH</subfield>
    </datafield>
       <datafield tag="700" ind1="1" ind2=" ">
      <subfield code="a">Windfeld-Hansen, Karina, </subfield>
      <subfield code="d">1899-1988.</subfield>
      <subfield code="i">http://rdaregistry.info/Elements/a/object/P50145</subfield>
      <subfield code="0">http://viaf.org/viaf/243148995742759750172</subfield>
      <subfield code="4">trl</subfield>
    </datafield>
  </record>