
  <record>
    <leader>00737nam a22001810  450 </leader>
    <controlfield tag="001">06249094</controlfield>
    <controlfield tag="005">20010128224732.0</controlfield>
    <controlfield tag="008">000000s1985    dk            00| f dan d</controlfield>
    <datafield tag="020" ind1=" " ind2=" ">
      <subfield code="a">8700700657 (hf.)</subfield>
    </datafield>
    <datafield tag="041" ind1="1" ind2=" ">
      <subfield code="a">dan</subfield>
      <subfield code="h">eng</subfield>
    </datafield>
    <datafield tag="100" ind1="1" ind2=" ">
      <subfield code="a">Lessing, Doris, </subfield>
      <subfield code="d">1919-2013.</subfield>
      <subfield code="4">aut</subfield>
      <subfield code="0">http://viaf.org/viaf/44301766</subfield>
    </datafield>
    <datafield tag="240" ind1="1" ind2="0">
      <subfield code="a">Briefing for a descent into hell.</subfield>
      <subfield code="l">Danish</subfield>
      <subfield code="0">http://viaf.org/viaf/217311973</subfield>
    </datafield>
    <datafield tag="245" ind1="1" ind2="0">
      <subfield code="a">Instruks om nedstigning til helvede /</subfield>
      <subfield code="c">Doris Lessing ; oversatt fra engelsk av Jørgen Christian Hansen.</subfield>
    </datafield>
    <datafield tag="260" ind1=" " ind2=" ">
      <subfield code="a">[Kbh.] :</subfield>
      <subfield code="b">Gyldendal,</subfield>
      <subfield code="c">1985.</subfield>
    </datafield>
    <datafield tag="300" ind1=" " ind2=" ">
      <subfield code="a">266 s.</subfield>
      <subfield code="c">22 cm</subfield>
    </datafield>
    <datafield tag="336" ind1=" " ind2=" ">
      <subfield code="a">text</subfield>
      <subfield code="b">txt</subfield>
      <subfield code="2">rdacontent</subfield>
      <subfield code="0">http://rdaregistry.info/termList/RDAContentType/1020</subfield>
    </datafield>
   <datafield tag="337" ind1=" " ind2=" ">
      <subfield code="a">unmediated</subfield>
      <subfield code="b">n</subfield>
      <subfield code="2">rdamedia</subfield>
      <subfield code="0">http://rdaregistry.info/termList/RDAMediaType/1007</subfield>
    </datafield>
    <datafield tag="338" ind1=" " ind2=" ">
      <subfield code="a">volume</subfield>
       <subfield code="b">nc</subfield>
      <subfield code="2">rdacarrier</subfield>
      <subfield code="0">http://rdaregistry.info/termList/RDACarrierType/1049</subfield>
    </datafield>
    <datafield tag="380" ind1=" " ind2=" ">
      <subfield code="a">Novel</subfield>
      <subfield code="0">http://id.loc.gov/authorities/genreForms/gf2015026020</subfield>
      <subfield code="2">LCSH</subfield>
    </datafield>
       <datafield tag="700" ind1="1" ind2=" ">
      <subfield code="a">Hansen, Jørgen Christian, </subfield>
      <subfield code="d">1956-1989.</subfield>
      <subfield code="i">http://rdaregistry.info/Elements/a/object/P50145</subfield>
      <subfield code="0">http://viaf.org/viaf/67944007</subfield>
      <subfield code="4">trl</subfield>
    </datafield>
  </record>