
  <record>
    <leader>00512nam a22001699  450 </leader>
    <controlfield tag="001">001044543</controlfield>
    <controlfield tag="008">000000|        uik           00| u eng d</controlfield>
    <datafield tag="100" ind1="1" ind2=" ">
      <subfield code="a">Lessing, Doris, </subfield>
      <subfield code="d">1919-2013.</subfield>
      <subfield code="4">aut</subfield>
      <subfield code="0">http://viaf.org/viaf/44301766</subfield>
    </datafield>
    <datafield tag="240" ind1="0" ind2="0">
      <subfield code="a">Children of violence.</subfield>
      <subfield code="l">English</subfield>
      <subfield code="0">http://viaf.org/viaf/177475612</subfield>
    </datafield>
    <datafield tag="245" ind1="1" ind2="0">
      <subfield code="a">Children of violence /</subfield>
      <subfield code="c">Doris Lessing.</subfield>
    </datafield>
    <datafield tag="260" ind1=" " ind2=" ">
      <subfield code="a">London :</subfield>
      <subfield code="c">1965-1969.</subfield>
    </datafield>
    <datafield tag="300" ind1=" " ind2=" ">
      <subfield code="a">5 volumes.</subfield>
    </datafield>
     <datafield tag="490" ind1="1" ind2=" ">
      <subfield code="a">Children of violence ;</subfield>
      <subfield code="v">1-5</subfield>
    </datafield>
    <datafield tag="505" ind1="0" ind2=" ">
      <subfield code="a">Bok 1 og 2: Martha Quest and A proper marriage.</subfield>
    </datafield>
    <datafield tag="505" ind1="0" ind2=" ">
      <subfield code="a">Bok 3: A ripple from the storm.</subfield>
    </datafield>
    <datafield tag="505" ind1="0" ind2=" ">
      <subfield code="a">Bok 4: Landlocked.</subfield>
    </datafield>
    <datafield tag="505" ind1="0" ind2=" ">
      <subfield code="a">Bok 5: The four-gated city.</subfield>
    </datafield>
    <datafield tag="700" ind1="1" ind2="2">
<subfield code="a">Lessing, Doris,</subfield>
<subfield code="d">1919-2013.</subfield>
<subfield code="t">Martha Quest.</subfield>
<subfield code="l">English</subfield>
<subfield code="1">http://viaf.org/viaf/307991101</subfield>
</datafield>
<datafield tag="700" ind1="1" ind2="2">
<subfield code="a">Lessing, Doris,</subfield>
<subfield code="d">1919-2013.</subfield>
<subfield code="t">A proper marriage.</subfield>
<subfield code="l">English</subfield>
<subfield code="1">http://viaf.org/viaf/311581576</subfield>
</datafield>
 <datafield tag="700" ind1="1" ind2="2">
<subfield code="a">Lessing, Doris,</subfield>
<subfield code="d">1919-2013.</subfield>
<subfield code="t">A ripple from the storm.</subfield>
<subfield code="l">English</subfield>
<subfield code="1">http://viaf.org/viaf/214000687</subfield>
</datafield>
<datafield tag="700" ind1="1" ind2="2">
<subfield code="a">Lessing, Doris,</subfield>
<subfield code="d">1919-2013.</subfield>
<subfield code="t">Landlocked.</subfield>
<subfield code="l">English</subfield>
<subfield code="1">http://viaf.org/viaf/243145857886223021099</subfield>
</datafield>
    <datafield tag="800" ind1="1" ind2=" ">
<subfield code="a">Lessing, Doris,</subfield>
<subfield code="d">1919-2013.</subfield>
<subfield code="t">Children of violence.</subfield>
<subfield code="l">English ;</subfield>
<subfield code="v">1-5.</subfield>
<subfield code="1">http://viaf.org/viaf/177475612</subfield>
</datafield>
  </record>