
  <record>
    <leader>00619cam a22001934  450 </leader>
    <controlfield tag="001">405551</controlfield>
    <controlfield tag="005">201410151639000000.0</controlfield>
    <controlfield tag="008">000000s1994    xxu           00| uaeng d</controlfield>
    <datafield tag="020" ind1=" " ind2=" ">
      <subfield code="a">0060171502</subfield>
    </datafield>
    <datafield tag="100" ind1="1" ind2=" ">
      <subfield code="a">Lessing, Doris, </subfield>
      <subfield code="d">1919-2013.</subfield>
      <subfield code="4">aut</subfield>
      <subfield code="0">http://viaf.org/viaf/44301766</subfield>
    </datafield>
    <datafield tag="240" ind1="0" ind2="0">
      <subfield code="a">Under my skin.</subfield>
      <subfield code="l">English</subfield>
      <subfield code="0">http://viaf.org/viaf/190458386</subfield>
    </datafield>
    <datafield tag="245" ind1="1" ind2="0">
      <subfield code="a">Under my skin /</subfield>
      <subfield code="b">Volume I of my Autobiography, to 1949 /</subfield>
      <subfield code="c">Doris Lessing.</subfield>
    </datafield>
    <datafield tag="260" ind1=" " ind2=" ">
      <subfield code="a">New York :</subfield>
      <subfield code="b">HarperCollins,</subfield>
      <subfield code="c">1994.</subfield>
    </datafield>
    <datafield tag="300" ind1=" " ind2=" ">
      <subfield code="a">419 s.</subfield>
      <subfield code="b">ill.</subfield>
      <subfield code="c">25 cm</subfield>
    </datafield>
    <datafield tag="336" ind1=" " ind2=" ">
      <subfield code="a">text</subfield>
      <subfield code="b">txt</subfield>
      <subfield code="2">rdacontent</subfield>
      <subfield code="0">http://rdaregistry.info/termList/RDAContentType/1020</subfield>
    </datafield>
    <datafield tag="337" ind1=" " ind2=" ">
      <subfield code="a">unmediated</subfield>
      <subfield code="b">n</subfield>
      <subfield code="2">rdamedia</subfield>
      <subfield code="0">http://rdaregistry.info/termList/RDAMediaType/1007</subfield>
    </datafield>
    <datafield tag="338" ind1=" " ind2=" ">
      <subfield code="a">volume</subfield>
      <subfield code="b">nc</subfield>
      <subfield code="2">rdacarrier</subfield>
      <subfield code="0">http://rdaregistry.info/termList/RDACarrierType/1049</subfield>
    </datafield>
    <datafield tag="380" ind1=" " ind2=" ">
      <subfield code="a">Novel</subfield>
      <subfield code="0">http://id.loc.gov/authorities/genreForms/gf2015026020</subfield>
      <subfield code="2">LCSH</subfield>
    </datafield>
    <datafield tag="500" ind1=" " ind2=" ">
      <subfield code="a">Første bind av to selvbiografier.</subfield>
    </datafield>
    <datafield tag="600" ind1="1" ind2="4">
      <subfield code="a">Lessing, Doris.</subfield>
      <subfield code="d">1919-2013</subfield>
      <subfield code="0">http://viaf.org/viaf/44301766</subfield>
      <subfield code="4">aut</subfield>
    </datafield>
    <datafield tag="785" ind1="0" ind2="2">
      <subfield code="t">Walking in the Shade : Volume II of my Autobiography (1949-1962)</subfield>
    </datafield>
  </record>