
  <record>
    <leader>00373nam a22001450  450 </leader>
    <controlfield tag="001">10416825</controlfield>
    <controlfield tag="005">20010128224732.0</controlfield>
    <controlfield tag="008">000000s1965    uik           00| u eng d</controlfield>
    <datafield tag="100" ind1="1" ind2=" ">
      <subfield code="a">Lessing, Doris, </subfield>
      <subfield code="d">1919-2013.</subfield>
      <subfield code="4">aut</subfield>
      <subfield code="0">http://viaf.org/viaf/44301766</subfield>
    </datafield>
    <datafield tag="240" ind1="0" ind2="0">
      <subfield code="a">Landlocked.</subfield>
      <subfield code="l">English</subfield>
      <subfield code="0">http://viaf.org/viaf/243145857886223021099</subfield>
    </datafield>
    <datafield tag="245" ind1="1" ind2="0">
      <subfield code="a">Landlocked /</subfield>
      <subfield code="c">Doris Lessing.</subfield>
    </datafield>
    <datafield tag="260" ind1=" " ind2=" ">
      <subfield code="a">London :</subfield>
      <subfield code="b">MacGibbon &amp; Kee,</subfield>
      <subfield code="c">1965.</subfield>
    </datafield>
    <datafield tag="300" ind1=" " ind2=" ">
      <subfield code="a">317 s.</subfield>
    </datafield>
   <datafield tag="336" ind1=" " ind2=" ">
      <subfield code="a">text</subfield>
      <subfield code="b">txt</subfield>
      <subfield code="2">rdacontent</subfield>
      <subfield code="0">http://rdaregistry.info/termList/RDAContentType/1020</subfield>
    </datafield>
    <datafield tag="337" ind1=" " ind2=" ">
      <subfield code="a">unmediated</subfield>
      <subfield code="b">n</subfield>
      <subfield code="2">rdamedia</subfield>
      <subfield code="0">http://rdaregistry.info/termList/RDAMediaType/1007</subfield>
    </datafield>
    <datafield tag="338" ind1=" " ind2=" ">
      <subfield code="a">volume</subfield>
      <subfield code="b">nc</subfield>
      <subfield code="2">rdacarrier</subfield>
      <subfield code="0">http://rdaregistry.info/termList/RDACarrierType/1049</subfield>
    </datafield>
    <datafield tag="380" ind1=" " ind2=" ">
      <subfield code="a">Novel</subfield>
      <subfield code="0">http://id.loc.gov/authorities/genreForms/gf2015026020</subfield>
      <subfield code="2">LCSH</subfield>
    </datafield>
    <datafield tag="490" ind1="1" ind2=" ">
      <subfield code="a">Children of violence ;</subfield>
      <subfield code="v">4</subfield>
    </datafield>
     <datafield tag="700" ind1="1" ind2=" ">
<subfield code="a">Lessing, Doris,</subfield>
<subfield code="d">1919-2013</subfield>
<subfield code="i">http://rdaregistry.info/Elements/w/datatype/P10156</subfield>
<subfield code="t">A ripple from the storm</subfield>
<subfield code="1">http://viaf.org/viaf/214000687</subfield>
</datafield>
<datafield tag="785" ind1="0" ind2="2">
      <subfield code="t">The four-gated city</subfield>
    </datafield>
    <datafield tag="800" ind1="1" ind2=" ">
<subfield code="a">Lessing, Doris,</subfield>
<subfield code="d">1919-2013.</subfield>
<subfield code="t">Children of violence.</subfield>
<subfield code="l">English ;</subfield>
<subfield code="v">4.</subfield>
<subfield code="1">http://viaf.org/viaf/177475612</subfield>
</datafield>
  </record>