
  <record>
    <leader>00657nam a22001930  450 </leader>
    <controlfield tag="001">22373706</controlfield>
    <controlfield tag="005">20150928141002.0</controlfield>
    <controlfield tag="008">000000s1999    dk            00| uadan d</controlfield>
    <datafield tag="020" ind1=" " ind2=" ">
      <subfield code="a">8700633674 (ib.)</subfield>
    </datafield>
    <datafield tag="041" ind1="1" ind2=" ">
      <subfield code="a">dan</subfield>
      <subfield code="h">eng</subfield>
    </datafield>
    <datafield tag="100" ind1="1" ind2=" ">
      <subfield code="a">Lessing, Doris, </subfield>
      <subfield code="d">1919-2013.</subfield>
      <subfield code="4">aut</subfield>
      <subfield code="0">http://viaf.org/viaf/44301766</subfield>
    </datafield>
    <datafield tag="240" ind1="1" ind2="0">
      <subfield code="a">Walking in the shade.</subfield>
      <subfield code="l">Danish</subfield>
      <subfield code="0">http://viaf.org/viaf/212917467</subfield>
    </datafield>
    <datafield tag="245" ind1="1" ind2="0">
      <subfield code="a">Vandring i skygge /</subfield>
      <subfield code="b">erindringer, 2. del : fra 1949 til 1962 /</subfield>
      <subfield code="c">Doris Lessing ; oversatt fra engelsk av Kirsten Jørgensen.</subfield>
    </datafield>
    <datafield tag="260" ind1=" " ind2=" ">
      <subfield code="a">[Kbh.] :</subfield>
      <subfield code="b">Gyldendals Bogklubber,</subfield>
      <subfield code="c">1999.</subfield>
    </datafield>
    <datafield tag="300" ind1=" " ind2=" ">
      <subfield code="a">384 s.</subfield>
      <subfield code="b">ill.</subfield>
    </datafield>
    <datafield tag="336" ind1=" " ind2=" ">
      <subfield code="a">text</subfield>
      <subfield code="b">txt</subfield>
      <subfield code="2">rdacontent</subfield>
      <subfield code="0">http://rdaregistry.info/termList/RDAContentType/1020</subfield>
    </datafield>
   <datafield tag="337" ind1=" " ind2=" ">
      <subfield code="a">unmediated</subfield>
      <subfield code="b">n</subfield>
      <subfield code="2">rdamedia</subfield>
      <subfield code="0">http://rdaregistry.info/termList/RDAMediaType/1007</subfield>
    </datafield>
    <datafield tag="338" ind1=" " ind2=" ">
      <subfield code="a">volume</subfield>
       <subfield code="b">nc</subfield>
      <subfield code="2">rdacarrier</subfield>
      <subfield code="0">http://rdaregistry.info/termList/RDACarrierType/1049</subfield>
    </datafield>
    <datafield tag="380" ind1=" " ind2=" ">
      <subfield code="a">Novel</subfield>
      <subfield code="0">http://id.loc.gov/authorities/genreForms/gf2015026020</subfield>
      <subfield code="2">LCSH</subfield>
    </datafield>
     <datafield tag="500" ind1=" " ind2=" ">
      <subfield code="a">Første bind av to selvbiografier.</subfield>
    </datafield>
        <datafield tag="600" ind1="1" ind2="4">
      <subfield code="a">Lessing, Doris.</subfield>
      <subfield code="d">1919-2013</subfield>
      <subfield code="0">http://viaf.org/viaf/44301766</subfield>
      <subfield code="4">aut</subfield>
    </datafield>
    <datafield tag="700" ind1="1" ind2=" ">
      <subfield code="a">Jørgensen, Kirsten, </subfield>
      <subfield code="i">http://rdaregistry.info/Elements/a/object/P50145</subfield>
      <subfield code="0">http://viaf.org/viaf/273125321</subfield>
      <subfield code="4">trl</subfield>
    </datafield>
    <datafield tag="700" ind1="1" ind2=" ">
<subfield code="a">Lessing, Doris,</subfield>
<subfield code="d">1919-2013</subfield>
<subfield code="i">http://rdaregistry.info/Elements/w/datatype/P10156</subfield>
<subfield code="l">Danish</subfield>
<subfield code="t">Under my skin</subfield>
<subfield code="1">http://viaf.org/viaf/190458386</subfield>
</datafield>
  </record>