
	<record>
		<leader>01018nam a22002413  4500</leader>
		<controlfield tag="001">014018011</controlfield>
		<controlfield tag="003">UkOxU</controlfield>
		<controlfield tag="005">19990527120747.0</controlfield>
		<controlfield tag="008">931015s1866    enk           000 0      </controlfield>
		<datafield tag="035" ind1=" " ind2=" ">
			<subfield code="a">CD-0000082152</subfield>
		</datafield>
		<datafield tag="092" ind1=" " ind2=" ">
			<subfield code="a">CM1003</subfield>
		</datafield>
		<datafield tag="100" ind1="1" ind2=" ">
			<subfield code="a">Bjørnson, Bjørnstjerne</subfield>
			<subfield code="d">1832-1910</subfield>
			<subfield code="0">http://viaf.org/viaf/295290572</subfield>
			<subfield code="4">aut</subfield>
		</datafield>
		<datafield tag="240" ind1="1" ind2="0">
			<subfield code="a">Arne</subfield>
			<subfield code="0">http://viaf.org/viaf/3286148574307724430006</subfield>
		</datafield>
		<datafield tag="245" ind1="1" ind2="0">
			<subfield code="a">Arne, tr. by A. Plesner and S. Rugeley-Powers.</subfield>
		</datafield>
		<datafield tag="260" ind1=" " ind2=" ">
			<subfield code="a">Lond. and c.</subfield>
			<subfield code="c">1866</subfield>
		</datafield>
		<datafield tag="300" ind1=" " ind2=" ">
			<subfield code="c">(8⁰)</subfield>
		</datafield>
		<datafield tag="337" ind1=" " ind2=" ">
			<subfield code="a">unmediated</subfield>
			<subfield code="b">n</subfield>
			<subfield code="2">rdamedia</subfield>
			<subfield code="0">http://rdaregistry.info/termList/RDAMediaType/1007</subfield>
		</datafield>
		<datafield tag="338" ind1=" " ind2=" ">
			<subfield code="a">volume</subfield>
			<subfield code="0">http://rdaregistry.info/termList/RDACarrierType/1049</subfield>
			<subfield code="b">nc</subfield>
			<subfield code="2">rdacarrier</subfield>
		</datafield>
		<datafield tag="380" ind1=" " ind2=" ">
			<subfield code="a">novel</subfield>
			<subfield code="2">LCSH</subfield>
			<subfield code="0">http://id.loc.gov/authorities/genreForms/gf2015026020</subfield>
		</datafield>
		<datafield tag="690" ind1="0" ind2="0">
			<subfield code="a">English literature</subfield>
			<subfield code="x">Fiction</subfield>
			<subfield code="x">Miscellaneous</subfield>
			<subfield code="2">pre20</subfield>
		</datafield>
		<datafield tag="336" ind1=" " ind2=" ">
			<subfield code="0">http://rdaregistry.info/termList/RDAContentType/1020</subfield>
			<subfield code="a">text</subfield>
			<subfield code="b">txt</subfield>
			<subfield code="2">rdacontent</subfield>
		</datafield>
		<datafield tag="700" ind1="1" ind2=" ">
			<subfield code="a">Plesner, Augusta</subfield>
			<subfield code="0">http://viaf.org/viaf/96785648</subfield>
			<subfield code="4">trl</subfield>
			<subfield code="2">pre20</subfield>
			<subfield code="4">trl</subfield>
		</datafield>
		<datafield tag="752" ind1=" " ind2=" ">
			<subfield code="a">England</subfield>
			<subfield code="d">London</subfield>
		</datafield>
	</record>