
	<record>
		<leader>01218nam a2200277   4500</leader>
		<controlfield tag="001">015835136</controlfield>
		<controlfield tag="003">UkOxU</controlfield>
		<controlfield tag="005">20050419143508.0</controlfield>
		<controlfield tag="008">720531s1909    nyu           000 0 eng d</controlfield>
		<datafield tag="035" ind1=" " ind2=" ">
			<subfield code="a">(MH)MHANX22134HU</subfield>
		</datafield>
		<datafield tag="035" ind1=" " ind2=" ">
			<subfield code="a">(OCoLC)00320796</subfield>
		</datafield>
		<datafield tag="035" ind1=" " ind2=" ">
			<subfield code="a">(CStRLIN)MAHGANX22134-B</subfield>
		</datafield>
		<datafield tag="040" ind1=" " ind2=" ">
			<subfield code="a">ONcM</subfield>
			<subfield code="c">ONcM</subfield>
			<subfield code="d">m.c.</subfield>
			<subfield code="d">MH</subfield>
			<subfield code="d">CStRLIN</subfield>
		</datafield>
		<datafield tag="050" ind1=" " ind2="4">
			<subfield code="a">PT8811</subfield>
			<subfield code="b">.A73</subfield>
		</datafield>
		<datafield tag="090" ind1=" " ind2=" ">
			<subfield code="b">Scan 7620.15.2</subfield>
		</datafield>
		<datafield tag="100" ind1="1" ind2=" ">
			<subfield code="a">Bjørnson, Bjørnstjerne</subfield>
			<subfield code="d">1832-1910</subfield>
			<subfield code="0">http://viaf.org/viaf/295290572</subfield>
			<subfield code="4">aut</subfield>
		</datafield>
		<datafield tag="240" ind1="1" ind2="0">
			<subfield code="a">Arne</subfield>
			<subfield code="0">http://viaf.org/viaf/3286148574307724430006</subfield>
		</datafield>
		<datafield tag="245" ind1="1" ind2="0">
			<subfield code="a">Arne /</subfield>
			<subfield code="c">by Bjørnstjerne Bjørnson, translated from the Norwegian by Walter Low.</subfield>
		</datafield>
		<datafield tag="260" ind1=" " ind2=" ">
			<subfield code="a">New York,</subfield>
			<subfield code="b">Macmillan,</subfield>
			<subfield code="c">[1909]</subfield>
		</datafield>
		<datafield tag="300" ind1=" " ind2=" ">
			<subfield code="a">[219] s. ;</subfield>
			<subfield code="c">18 cm.</subfield>
		</datafield>
		<datafield tag="337" ind1=" " ind2=" ">
			<subfield code="a">unmediated</subfield>
			<subfield code="b">n</subfield>
			<subfield code="2">rdamedia</subfield>
			<subfield code="0">http://rdaregistry.info/termList/RDAMediaType/1007</subfield>
		</datafield>
		<datafield tag="338" ind1=" " ind2=" ">
			<subfield code="a">volume</subfield>
			<subfield code="0">http://rdaregistry.info/termList/RDACarrierType/1049</subfield>
			<subfield code="b">nc</subfield>
			<subfield code="2">rdacarrier</subfield>
		</datafield>
		<datafield tag="380" ind1=" " ind2=" ">
			<subfield code="a">novel</subfield>
			<subfield code="2">LCSH</subfield>
			<subfield code="0">http://id.loc.gov/authorities/genreForms/gf2015026020</subfield>
		</datafield>
		<datafield tag="700" ind1="1" ind2=" ">
			<subfield code="a">Low, Walter</subfield>
			<subfield code="0">http://viaf.org/viaf/9608149108428968780003</subfield>
			<subfield code="4">trl</subfield>
		</datafield>
		<datafield tag="336" ind1=" " ind2=" ">
			<subfield code="0">http://rdaregistry.info/termList/RDAContentType/1020</subfield>
			<subfield code="a">text</subfield>
			<subfield code="b">txt</subfield>
			<subfield code="2">rdacontent</subfield>
		</datafield>
		<datafield tag="830" ind1=" " ind2="4">
			<subfield code="a">The novels of Bjørnstjerne Bjørnson, ed. by Edmund Gosse ;</subfield>
			<subfield code="v">v.II</subfield>
		</datafield>
	</record>