
	<record>
		<leader>01354cam a22002771c 4500</leader>
		<controlfield tag="001">999104139834702201</controlfield>
		<controlfield tag="005">20171115201131.0</controlfield>
		<controlfield tag="007">ta</controlfield>
		<controlfield tag="008">130806s1915    xx#|||||||||||000|u|und|d</controlfield>
		<datafield tag="035" ind1=" " ind2=" ">
			<subfield code="a">910413983-47bibsys_network</subfield>
		</datafield>
		<datafield tag="035" ind1=" " ind2=" ">
			<subfield code="a">(NO-TrBIB)910413983</subfield>
		</datafield>
		<datafield tag="040" ind1=" " ind2=" ">
			<subfield code="a">NO-TrBIB</subfield>
			<subfield code="b">nob</subfield>
			<subfield code="e">katreg</subfield>
		</datafield>
		<datafield tag="100" ind1="1" ind2=" ">
			<subfield code="a">Bjørnson, Bjørnstjerne</subfield>
			<subfield code="d">1832-1910</subfield>
			<subfield code="0">http://viaf.org/viaf/295290572</subfield>
			<subfield code="4">aut</subfield>
		</datafield>
		<datafield tag="240" ind1="1" ind2="0">
			<subfield code="a">En glad gut</subfield>
			<subfield code="0">http://www.wikidata.org/wiki/Q11967394</subfield>
		</datafield>
		<datafield tag="245" ind1="1" ind2="0">
			<subfield code="a">Bjørnstjerne Bjørnson's En glad gut</subfield>
			<subfield code="c">Bjørnstjerne Bjørnson ; edited with introduction, composition exercises, notes and vocabulary by Guy Richard Vowles</subfield>
		</datafield>
		<datafield tag="260" ind1=" " ind2=" ">
			<subfield code="a">Menasha, Wis.</subfield>
			<subfield code="b">Georg Banta</subfield>
			<subfield code="c">1915</subfield>
		</datafield>
		<datafield tag="300" ind1=" " ind2=" ">
			<subfield code="a">XIII, 143 s.</subfield>
			<subfield code="b">ill.</subfield>
		</datafield>
		<datafield tag="337" ind1=" " ind2=" ">
			<subfield code="a">unmediated</subfield>
			<subfield code="b">n</subfield>
			<subfield code="2">rdamedia</subfield>
			<subfield code="0">http://rdaregistry.info/termList/RDAMediaType/1007</subfield>
		</datafield>
		<datafield tag="338" ind1=" " ind2=" ">
			<subfield code="a">volume</subfield>
			<subfield code="0">http://rdaregistry.info/termList/RDACarrierType/1049</subfield>
			<subfield code="b">nc</subfield>
			<subfield code="2">rdacarrier</subfield>
		</datafield>
		<datafield tag="380" ind1=" " ind2=" ">
			<subfield code="a">short story</subfield>
			<subfield code="2">LCSH</subfield>
			<subfield code="0">http://id.loc.gov/authorities/genreForms/gf2014026542</subfield>
		</datafield>
		<datafield tag="653" ind1=" " ind2=" ">
			<subfield code="a">USA</subfield>
			<subfield code="a">norsk-amerikanere</subfield>
			<subfield code="a">språk</subfield>
			<subfield code="a">lærebøker</subfield>
			<subfield code="a">undervisning</subfield>
			<subfield code="a">litteratur</subfield>
		</datafield>
		<datafield tag="336" ind1=" " ind2=" ">
			<subfield code="0">http://rdaregistry.info/termList/RDAContentType/1020</subfield>
			<subfield code="a">text</subfield>
			<subfield code="b">txt</subfield>
			<subfield code="2">rdacontent</subfield>
		</datafield>
		<datafield tag="650" ind1=" " ind2="7">
			<subfield code="a">Norsk-amerikanere</subfield>
			<subfield code="2">noram</subfield>
		</datafield>
		<datafield tag="650" ind1=" " ind2="7">
			<subfield code="a">Språk</subfield>
			<subfield code="2">noram</subfield>
		</datafield>
		<datafield tag="655" ind1=" " ind2="7">
			<subfield code="a">Lærebok</subfield>
			<subfield code="2">noram</subfield>
		</datafield>
		<datafield tag="700" ind1="1" ind2=" ">
			<subfield code="a">Vowles, Guy Richard</subfield>
			<subfield code="0">(NO-TrBIB)90971675</subfield>
			<subfield code="0">http://viaf.org/viaf/204149106188968491451</subfield>
			<subfield code="4">trl</subfield>
		</datafield>
	</record>