
	<record>
		<leader>01153cam a2200277 c 4500</leader>
		<controlfield tag="001">991200853484702201</controlfield>
		<controlfield tag="005">20160603142352.0</controlfield>
		<controlfield tag="007">ta</controlfield>
		<controlfield tag="008">130806s2011    gw  |||| |||||000|f ger|</controlfield>
		<datafield tag="020" ind1=" " ind2=" ">
			<subfield code="a">978-3-943185-07-2</subfield>
			<subfield code="q">h.</subfield>
		</datafield>
		<datafield tag="035" ind1=" " ind2=" ">
			<subfield code="a">120085348-47bibsys_network</subfield>
		</datafield>
		<datafield tag="035" ind1=" " ind2=" ">
			<subfield code="a">(NO-TrBIB)120085348</subfield>
		</datafield>
		<datafield tag="040" ind1=" " ind2=" ">
			<subfield code="a">NO-OsNB</subfield>
			<subfield code="b">nob</subfield>
			<subfield code="e">katreg</subfield>
		</datafield>
		<datafield tag="041" ind1="1" ind2=" ">
			<subfield code="a">ger</subfield>
			<subfield code="h">nob</subfield>
		</datafield>
		<datafield tag="082" ind1="0" ind2="4">
			<subfield code="a">839.823</subfield>
			<subfield code="2">23/nor</subfield>
			<subfield code="q">NO-OsNB</subfield>
		</datafield>
		<datafield tag="100" ind1="1" ind2=" ">
			<subfield code="a">Bjørnson, Bjørnstjerne</subfield>
			<subfield code="d">1832-1910</subfield>
			<subfield code="0">http://viaf.org/viaf/295290572</subfield>
			<subfield code="4">aut</subfield>
		</datafield>
		<datafield tag="240" ind1="1" ind2="0">
			<subfield code="a">En glad gut</subfield>
			<subfield code="0">http://www.wikidata.org/wiki/Q11967394</subfield>
		</datafield>
		<datafield tag="245" ind1="1" ind2="4">
			<subfield code="a">Ein fröhlicher Bursch :</subfield>
			<subfield code="b">Bauernnovelle</subfield>
			<subfield code="c">von Björnstjerne Björnson</subfield>
		</datafield>
		<datafield tag="260" ind1=" " ind2=" ">
			<subfield code="a">Paderborn</subfield>
			<subfield code="b">Salzwasser</subfield>
			<subfield code="c">2011</subfield>
		</datafield>
		<datafield tag="300" ind1=" " ind2=" ">
			<subfield code="a">78 s.</subfield>
			<subfield code="c">22 cm</subfield>
		</datafield>
		<datafield tag="337" ind1=" " ind2=" ">
			<subfield code="a">unmediated</subfield>
			<subfield code="b">n</subfield>
			<subfield code="2">rdamedia</subfield>
			<subfield code="0">http://rdaregistry.info/termList/RDAMediaType/1007</subfield>
		</datafield>
		<datafield tag="338" ind1=" " ind2=" ">
			<subfield code="a">volume</subfield>
			<subfield code="0">http://rdaregistry.info/termList/RDACarrierType/1049</subfield>
			<subfield code="b">nc</subfield>
			<subfield code="2">rdacarrier</subfield>
		</datafield>
		<datafield tag="380" ind1=" " ind2=" ">
			<subfield code="a">short story</subfield>
			<subfield code="2">LCSH</subfield>
			<subfield code="0">http://id.loc.gov/authorities/genreForms/gf2014026542</subfield>
		</datafield>
		<datafield tag="500" ind1=" " ind2=" ">
			<subfield code="a">Opptrykk av originalutg.</subfield>
		</datafield>
		<datafield tag="336" ind1=" " ind2=" ">
			<subfield code="0">http://rdaregistry.info/termList/RDAContentType/1020</subfield>
			<subfield code="a">text</subfield>
			<subfield code="b">txt</subfield>
			<subfield code="2">rdacontent</subfield>
		</datafield>
		<datafield tag="765" ind1="0" ind2=" ">
			<subfield code="t">En glad Gut</subfield>
			<subfield code="w">990501370264702201</subfield>
		</datafield>
	</record>