
	<record>
		<leader>01067cam a2200229 c 4500</leader>
		<controlfield tag="001">999517000144702201</controlfield>
		<controlfield tag="005">20130806103040.0</controlfield>
		<controlfield tag="007">ta</controlfield>
		<controlfield tag="008">130806s186u    xx#|||||||||||000|u|ger|d</controlfield>
		<datafield tag="035" ind1=" " ind2=" ">
			<subfield code="a">951700014-47bibsys_network</subfield>
		</datafield>
		<datafield tag="035" ind1=" " ind2=" ">
			<subfield code="a">(NO-TrBIB)951700014</subfield>
		</datafield>
		<datafield tag="040" ind1=" " ind2=" ">
			<subfield code="a">NO-TrBIB</subfield>
			<subfield code="b">nob</subfield>
			<subfield code="e">katreg</subfield>
		</datafield>
		<datafield tag="100" ind1="1" ind2=" ">
			<subfield code="a">Bjørnson, Bjørnstjerne</subfield>
			<subfield code="d">1832-1910</subfield>
			<subfield code="0">http://viaf.org/viaf/295290572</subfield>
			<subfield code="4">aut</subfield>
		</datafield>
		<datafield tag="240" ind1="1" ind2="0">
			<subfield code="a">En glad gut</subfield>
			<subfield code="0">http://www.wikidata.org/wiki/Q11967394</subfield>
		</datafield>
		<datafield tag="245" ind1="1" ind2="4">
			<subfield code="a">Ein fröhlicher Bursch :</subfield>
			<subfield code="b">Bauernnovelle</subfield>
			<subfield code="c">von Björnstjerne Björnson ; Deutsch von H. Denhardt</subfield>
		</datafield>
		<datafield tag="260" ind1=" " ind2=" ">
			<subfield code="a">Leipzig</subfield>
			<subfield code="c">[186-?]</subfield>
		</datafield>
		<datafield tag="300" ind1=" " ind2=" ">
			<subfield code="a">105 s.</subfield>
		</datafield>
		<datafield tag="337" ind1=" " ind2=" ">
			<subfield code="a">unmediated</subfield>
			<subfield code="b">n</subfield>
			<subfield code="2">rdamedia</subfield>
			<subfield code="0">http://rdaregistry.info/termList/RDAMediaType/1007</subfield>
		</datafield>
		<datafield tag="338" ind1=" " ind2=" ">
			<subfield code="a">volume</subfield>
			<subfield code="0">http://rdaregistry.info/termList/RDACarrierType/1049</subfield>
			<subfield code="b">nc</subfield>
			<subfield code="2">rdacarrier</subfield>
		</datafield>
		<datafield tag="380" ind1=" " ind2=" ">
			<subfield code="a">short story</subfield>
			<subfield code="2">LCSH</subfield>
			<subfield code="0">http://id.loc.gov/authorities/genreForms/gf2014026542</subfield>
		</datafield>
		<datafield tag="700" ind1="1" ind2=" ">
			<subfield code="a">Denhardt, Heinrich</subfield>
			<subfield code="0">http://viaf.org/viaf/62285214</subfield>
			<subfield code="4">trl</subfield>
			<subfield code="0">(NO-TrBIB)98004931</subfield>
			<subfield code="4">trl</subfield>
		</datafield>
		<datafield tag="336" ind1=" " ind2=" ">
			<subfield code="0">http://rdaregistry.info/termList/RDAContentType/1020</subfield>
			<subfield code="a">text</subfield>
			<subfield code="b">txt</subfield>
			<subfield code="2">rdacontent</subfield>
		</datafield>
	</record>