
	<record>
		<leader>01468cam a22003137c 4500</leader>
		<controlfield tag="001">990501370264702201</controlfield>
		<controlfield tag="005">20160617111017.0</controlfield>
		<controlfield tag="007">ta</controlfield>
		<controlfield tag="007">cr||||||||||||</controlfield>
		<controlfield tag="008">150227s1868    xx ||||| |||||000|u|nob|</controlfield>
		<datafield tag="035" ind1=" " ind2=" ">
			<subfield code="a">050137026-47bibsys_network</subfield>
		</datafield>
		<datafield tag="035" ind1=" " ind2=" ">
			<subfield code="a">(NO-TrBIB)050137026</subfield>
		</datafield>
		<datafield tag="035" ind1=" " ind2=" ">
			<subfield code="a">(NO-TrBIB)082743290</subfield>
		</datafield>
		<datafield tag="040" ind1=" " ind2=" ">
			<subfield code="a">NO-OsNB</subfield>
			<subfield code="b">nob</subfield>
			<subfield code="e">katreg</subfield>
		</datafield>
		<datafield tag="100" ind1="1" ind2=" ">
			<subfield code="a">Bjørnson, Bjørnstjerne</subfield>
			<subfield code="d">1832-1910</subfield>
			<subfield code="0">http://viaf.org/viaf/295290572</subfield>
			<subfield code="4">aut</subfield>
		</datafield>
		<datafield tag="240" ind1="1" ind2="0">
			<subfield code="a">En glad gut</subfield>
			<subfield code="0">http://www.wikidata.org/wiki/Q11967394</subfield>
		</datafield>
		<datafield tag="245" ind1="1" ind2="3">
			<subfield code="a">En glad Gut</subfield>
			<subfield code="c">af Bjørnstjerne Bjørnson ; ved Udvalget for Folkeoplysnings Fremme</subfield>
		</datafield>
		<datafield tag="260" ind1=" " ind2=" ">
			<subfield code="a">Kjøbenhavn</subfield>
			<subfield code="b">I Commission hos Gad</subfield>
			<subfield code="c">1868</subfield>
		</datafield>
		<datafield tag="300" ind1=" " ind2=" ">
			<subfield code="a">93 s.</subfield>
		</datafield>
		<datafield tag="337" ind1=" " ind2=" ">
			<subfield code="a">unmediated</subfield>
			<subfield code="b">n</subfield>
			<subfield code="2">rdamedia</subfield>
			<subfield code="0">http://rdaregistry.info/termList/RDAMediaType/1007</subfield>
		</datafield>
		<datafield tag="338" ind1=" " ind2=" ">
			<subfield code="a">volume</subfield>
			<subfield code="0">http://rdaregistry.info/termList/RDACarrierType/1049</subfield>
			<subfield code="b">nc</subfield>
			<subfield code="2">rdacarrier</subfield>
		</datafield>
		<datafield tag="380" ind1=" " ind2=" ">
			<subfield code="a">short story</subfield>
			<subfield code="2">LCSH</subfield>
			<subfield code="0">http://id.loc.gov/authorities/genreForms/gf2014026542</subfield>
		</datafield>
		<datafield tag="500" ind1=" " ind2=" ">
			<subfield code="a">Særtrykk av: Folkelæsning. 1868</subfield>
		</datafield>
		<datafield tag="336" ind1=" " ind2=" ">
			<subfield code="0">http://rdaregistry.info/termList/RDAContentType/1020</subfield>
			<subfield code="a">text</subfield>
			<subfield code="b">txt</subfield>
			<subfield code="2">rdacontent</subfield>
		</datafield>
		<datafield tag="500" ind1=" " ind2=" ">
			<subfield code="a">1. utg. i Smaastykker, Bergen : Giertsen, 1860</subfield>
		</datafield>
		<datafield tag="506" ind1="0" ind2=" ">
			<subfield code="f">Åpen tilgang</subfield>
		</datafield>
		<datafield tag="533" ind1=" " ind2=" ">
			<subfield code="a">Elektronisk reproduksjon</subfield>
			<subfield code="b">[Norge]</subfield>
			<subfield code="c">Nasjonalbiblioteket Digital</subfield>
			<subfield code="d">2008-11-16</subfield>
		</datafield>
		<datafield tag="710" ind1="2" ind2=" ">
			<subfield code="a">Udvalget for Folkeoplysnings Fremme</subfield>
			<subfield code="0">http://viaf.org/viaf/197149196279574790882</subfield>
			<subfield code="0">(NO-TrBIB)90546968</subfield>
		</datafield>
		<datafield tag="767" ind1="0" ind2=" ">
			<subfield code="t">Ein fröhlicher Bursch</subfield>
			<subfield code="w">991200853484702201</subfield>
			<subfield code="z">978-3-943185-07-2</subfield>
		</datafield>
	</record>