
	<record>
		<leader>01156cam a2200241 c 4500</leader>
		<controlfield tag="001">999012834104702201</controlfield>
		<controlfield tag="005">20130806103041.0</controlfield>
		<controlfield tag="007">ta</controlfield>
		<controlfield tag="008">130806s198u    xx#|||||||||||000|u|nob|d</controlfield>
		<datafield tag="035" ind1=" " ind2=" ">
			<subfield code="a">90128341x-47bibsys_network</subfield>
		</datafield>
		<datafield tag="035" ind1=" " ind2=" ">
			<subfield code="a">(NO-TrBIB)90128341x</subfield>
		</datafield>
		<datafield tag="040" ind1=" " ind2=" ">
			<subfield code="a">NO-TrBIB</subfield>
			<subfield code="b">nob</subfield>
			<subfield code="e">katreg</subfield>
		</datafield>
		<datafield tag="100" ind1="1" ind2=" ">
			<subfield code="a">Schulerud, Mentz</subfield>
			<subfield code="0">http://viaf.org/viaf/101142023</subfield>
			<subfield code="4">aut</subfield>
		</datafield>
		<datafield tag="240" ind1="1" ind2="0">
			<subfield code="a">En glad gutt</subfield>
			<subfield code="0">http://sceneweb.no/nb/production/23197/En_glad_gutt-1968-1-11</subfield>
		</datafield>
		<datafield tag="245" ind1="1" ind2="3">
			<subfield code="a">En glad gut</subfield>
			<subfield code="c">av Bjørnstjerne Bjørnson ; dramatisert av Mentz Schulerud</subfield>
		</datafield>
		<datafield tag="260" ind1=" " ind2=" ">
			<subfield code="a">[S.l.]</subfield>
			<subfield code="b">[s.n.]</subfield>
			<subfield code="c">[198-?&gt;</subfield>
		</datafield>
		<datafield tag="300" ind1=" " ind2=" ">
			<subfield code="a">22, 60 bl.</subfield>
		</datafield>
		<datafield tag="337" ind1=" " ind2=" ">
			<subfield code="a">unmediated</subfield>
			<subfield code="b">n</subfield>
			<subfield code="2">rdamedia</subfield>
			<subfield code="0">http://rdaregistry.info/termList/RDAMediaType/1007</subfield>
		</datafield>
		<datafield tag="338" ind1=" " ind2=" ">
			<subfield code="a">volume</subfield>
			<subfield code="0">http://rdaregistry.info/termList/RDACarrierType/1049</subfield>
			<subfield code="b">nc</subfield>
			<subfield code="2">rdacarrier</subfield>
		</datafield>
		<datafield tag="380" ind1=" " ind2=" ">
			<subfield code="a">Playscripts</subfield>
			<subfield code="2">LCSH</subfield>
			<subfield code="0">http://id.loc.gov/authorities/genreForms/gf2014026297</subfield>
		</datafield>
		<datafield tag="500" ind1=" " ind2=" ">
			<subfield code="a">Rollehefte</subfield>
		</datafield>
		<datafield tag="336" ind1=" " ind2=" ">
			<subfield code="0">http://rdaregistry.info/termList/RDAContentType/1020</subfield>
			<subfield code="a">text</subfield>
			<subfield code="b">txt</subfield>
			<subfield code="2">rdacontent</subfield>
		</datafield>
		<datafield tag="700" ind1="1" ind2=" ">
			<subfield code="a">Bjørnson, Bjørnstjerne</subfield>
			<subfield code="d">1832-1910</subfield>
			<subfield code="0">http://www.wikidata.org/wiki/Q11967394</subfield>
			<subfield code="i">Dramatization of work</subfield>
			<subfield code="4">http://rdaregistry.info/Elements/w/P10127</subfield>
			<subfield code="t">En glad gut</subfield>
		</datafield>
	</record>