
	<record>
		<leader>01188cam a2200301 c 4500</leader>
		<controlfield tag="001">991407027504702201</controlfield>
		<controlfield tag="005">20190130110356.0</controlfield>
		<controlfield tag="007">cr |||||||||||</controlfield>
		<controlfield tag="008">140310s2010    no#|||||o|||||000|f|nob|</controlfield>
		<datafield tag="015" ind1=" " ind2=" ">
			<subfield code="a">1413877</subfield>
			<subfield code="2">nbf</subfield>
		</datafield>
		<datafield tag="020" ind1=" " ind2=" ">
			<subfield code="a">9788283190106</subfield>
			<subfield code="c">Gratis</subfield>
		</datafield>
		<datafield tag="035" ind1=" " ind2=" ">
			<subfield code="a">14070275x-47bibsys_network</subfield>
		</datafield>
		<datafield tag="035" ind1=" " ind2=" ">
			<subfield code="a">(NO-TrBIB)14070275x</subfield>
		</datafield>
		<datafield tag="040" ind1=" " ind2=" ">
			<subfield code="a">NO-OsNB</subfield>
			<subfield code="b">nob</subfield>
			<subfield code="e">katreg</subfield>
		</datafield>
		<datafield tag="042" ind1=" " ind2=" ">
			<subfield code="a">norbibl</subfield>
		</datafield>
		<datafield tag="044" ind1=" " ind2=" ">
			<subfield code="c">no</subfield>
		</datafield>
		<datafield tag="082" ind1="7" ind2="4">
			<subfield code="a">839.823</subfield>
			<subfield code="q">NO-OsNB</subfield>
			<subfield code="2">5/nor</subfield>
		</datafield>
		<datafield tag="100" ind1="1" ind2=" ">
			<subfield code="a">Bjørnson, Bjørnstjerne</subfield>
			<subfield code="d">1832-1910</subfield>
			<subfield code="0">http://viaf.org/viaf/295290572</subfield>
			<subfield code="4">aut</subfield>
		</datafield>
		<datafield tag="240" ind1="1" ind2="0">
			<subfield code="a">En glad gut</subfield>
			<subfield code="0">http://www.wikidata.org/wiki/Q11967394</subfield>
		</datafield>
		<datafield tag="245" ind1="1" ind2="3">
			<subfield code="a">En glad Gut</subfield>
			<subfield code="c">av Bjørnstjerne Bjørnson</subfield>
			<subfield code="h">[elektronisk ressurs]</subfield>
		</datafield>
		<datafield tag="260" ind1=" " ind2=" ">
			<subfield code="a">[Jar]</subfield>
			<subfield code="b">Bokselskap.no</subfield>
			<subfield code="c">2010</subfield>
		</datafield>
		<datafield tag="300" ind1=" " ind2=" ">
			<subfield code="a">1 fil</subfield>
			<subfield code="b">EPUB</subfield>
		</datafield>
		<datafield tag="337" ind1=" " ind2=" ">
			<subfield code="a">unmediated</subfield>
			<subfield code="b">n</subfield>
			<subfield code="2">rdamedia</subfield>
			<subfield code="0">http://rdaregistry.info/termList/RDAMediaType/1007</subfield>
		</datafield>
		<datafield tag="338" ind1=" " ind2=" ">
			<subfield code="a">volume</subfield>
			<subfield code="0">http://rdaregistry.info/termList/RDACarrierType/1049</subfield>
			<subfield code="b">nc</subfield>
			<subfield code="2">rdacarrier</subfield>
		</datafield>
		<datafield tag="380" ind1=" " ind2=" ">
			<subfield code="a">short story</subfield>
			<subfield code="2">LCSH</subfield>
			<subfield code="0">http://id.loc.gov/authorities/genreForms/gf2014026542</subfield>
		</datafield>
		<datafield tag="500" ind1=" " ind2=" ">
			<subfield code="a">Tittel fra tittelskjermbildet</subfield>
		</datafield>
		<datafield tag="336" ind1=" " ind2=" ">
			<subfield code="0">http://rdaregistry.info/termList/RDAContentType/1020</subfield>
			<subfield code="a">text</subfield>
			<subfield code="b">txt</subfield>
			<subfield code="2">rdacontent</subfield>
		</datafield>
		<datafield tag="506" ind1="0" ind2=" ">
			<subfield code="f">Åpen tilgang</subfield>
		</datafield>
	</record>