
	<record>
		<leader>01222cam a22002657c 4500</leader>
		<controlfield tag="001">999400392144702201</controlfield>
		<controlfield tag="005">20171115201725.0</controlfield>
		<controlfield tag="007">ta</controlfield>
		<controlfield tag="008">130806s1919    xx#|||||||||||000|u|und|d</controlfield>
		<datafield tag="035" ind1=" " ind2=" ">
			<subfield code="a">940039214-47bibsys_network</subfield>
		</datafield>
		<datafield tag="035" ind1=" " ind2=" ">
			<subfield code="a">(NO-TrBIB)940039214</subfield>
		</datafield>
		<datafield tag="040" ind1=" " ind2=" ">
			<subfield code="a">NO-TrBIB</subfield>
			<subfield code="b">nob</subfield>
			<subfield code="e">katreg</subfield>
		</datafield>
		<datafield tag="100" ind1="1" ind2=" ">
			<subfield code="a">Bjørnson, Bjørnstjerne</subfield>
			<subfield code="d">1832-1910</subfield>
			<subfield code="0">http://viaf.org/viaf/295290572</subfield>
			<subfield code="4">aut</subfield>
		</datafield>
		<datafield tag="240" ind1="1" ind2="0">
			<subfield code="a">En glad gut</subfield>
			<subfield code="0">http://www.wikidata.org/wiki/Q11967394</subfield>
		</datafield>
		<datafield tag="245" ind1="1" ind2="3">
			<subfield code="a">En glad gut</subfield>
			<subfield code="c">Bjørnstjerne Bjørnson ; edited for school use by J.A. Holvik</subfield>
		</datafield>
		<datafield tag="260" ind1=" " ind2=" ">
			<subfield code="a">Minneapolis, Minn.</subfield>
			<subfield code="b">Augsburg</subfield>
			<subfield code="c">1919</subfield>
		</datafield>
		<datafield tag="337" ind1=" " ind2=" ">
			<subfield code="a">unmediated</subfield>
			<subfield code="b">n</subfield>
			<subfield code="2">rdamedia</subfield>
			<subfield code="0">http://rdaregistry.info/termList/RDAMediaType/1007</subfield>
		</datafield>
		<datafield tag="338" ind1=" " ind2=" ">
			<subfield code="a">volume</subfield>
			<subfield code="0">http://rdaregistry.info/termList/RDACarrierType/1049</subfield>
			<subfield code="b">nc</subfield>
			<subfield code="2">rdacarrier</subfield>
		</datafield>
		<datafield tag="380" ind1=" " ind2=" ">
			<subfield code="a">short story</subfield>
			<subfield code="2">LCSH</subfield>
			<subfield code="0">http://id.loc.gov/authorities/genreForms/gf2014026542</subfield>
		</datafield>
		<datafield tag="653" ind1=" " ind2=" ">
			<subfield code="a">usa</subfield>
			<subfield code="a">norsk-amerikanere</subfield>
			<subfield code="a">språk</subfield>
			<subfield code="a">lærebøker</subfield>
			<subfield code="a">undervisning</subfield>
			<subfield code="a">litteratur</subfield>
		</datafield>
		<datafield tag="336" ind1=" " ind2=" ">
			<subfield code="0">http://rdaregistry.info/termList/RDAContentType/1020</subfield>
			<subfield code="a">text</subfield>
			<subfield code="b">txt</subfield>
			<subfield code="2">rdacontent</subfield>
		</datafield>
		<datafield tag="650" ind1=" " ind2="7">
			<subfield code="a">Norsk-amerikanere</subfield>
			<subfield code="2">noram</subfield>
		</datafield>
		<datafield tag="650" ind1=" " ind2="7">
			<subfield code="a">Språk</subfield>
			<subfield code="2">noram</subfield>
		</datafield>
		<datafield tag="655" ind1=" " ind2="7">
			<subfield code="a">Lærebok</subfield>
			<subfield code="2">noram</subfield>
		</datafield>
		<datafield tag="700" ind1="1" ind2=" ">
			<subfield code="a">Holvik, J. A.</subfield>
			<subfield code="0">(NO-TrBIB)90161749</subfield>
			<subfield code="0">http://viaf.org/viaf/257048285</subfield>
			<subfield code="4">edt</subfield>
		</datafield>
	</record>