
	<record>
		<leader>01391ccm a2200325 c 4500</leader>
		<controlfield tag="001">991011170194702201</controlfield>
		<controlfield tag="005">20130806103048.0</controlfield>
		<controlfield tag="007">qu</controlfield>
		<controlfield tag="008">130806s1903    xx#||a||||||||||||||und|</controlfield>
		<datafield tag="015" ind1=" " ind2=" ">
			<subfield code="a">1009887</subfield>
			<subfield code="2">nbf</subfield>
		</datafield>
		<datafield tag="028" ind1="2" ind2="3">
			<subfield code="a">E.and S.1972</subfield>
		</datafield>
		<datafield tag="035" ind1=" " ind2=" ">
			<subfield code="a">101117019-47bibsys_network</subfield>
		</datafield>
		<datafield tag="035" ind1=" " ind2=" ">
			<subfield code="a">(NO-TrBIB)101117019</subfield>
		</datafield>
		<datafield tag="040" ind1=" " ind2=" ">
			<subfield code="a">NO-OsNB</subfield>
			<subfield code="b">nob</subfield>
			<subfield code="e">katreg</subfield>
		</datafield>
		<datafield tag="042" ind1=" " ind2=" ">
			<subfield code="a">norbibl</subfield>
		</datafield>
		<datafield tag="044" ind1=" " ind2=" ">
			<subfield code="c">se</subfield>
		</datafield>
		<datafield tag="082" ind1="7" ind2="4">
			<subfield code="a">786.2</subfield>
			<subfield code="q">NO-OsNB</subfield>
			<subfield code="2">5/nor</subfield>
		</datafield>
		<datafield tag="100" ind1="1" ind2=" ">
			<subfield code="a">Bjørnson, Bjørnstjerne</subfield>
			<subfield code="d">1832-1910</subfield>
			<subfield code="0">http://viaf.org/viaf/295290572</subfield>
			<subfield code="4">aut</subfield>
		</datafield>
		<datafield tag="240" ind1="1" ind2="0">
			<subfield code="a">En glad gut</subfield>
			<subfield code="0">http://www.wikidata.org/wiki/Q11967394</subfield>
		</datafield>
		<datafield tag="245" ind1="1" ind2="3">
			<subfield code="a">En glad Gut :</subfield>
			<subfield code="b">efter Björnstjerne Björnsons fortelling : Halling (norsk Nationaldans) för Piano</subfield>
			<subfield code="c">componeret af Christian Teilman</subfield>
			<subfield code="h">[musikktrykk]</subfield>
		</datafield>
		<datafield tag="260" ind1=" " ind2=" ">
			<subfield code="a">Stockholm</subfield>
			<subfield code="b">Elkan and Schildknecht</subfield>
			<subfield code="c">[1903?]</subfield>
		</datafield>
		<datafield tag="300" ind1=" " ind2=" ">
			<subfield code="a">3 s.</subfield>
			<subfield code="c">34 cm</subfield>
		</datafield>
		<datafield tag="337" ind1=" " ind2=" ">
			<subfield code="a">unmediated</subfield>
			<subfield code="b">n</subfield>
			<subfield code="2">rdamedia</subfield>
			<subfield code="0">http://rdaregistry.info/termList/RDAMediaType/1007</subfield>
		</datafield>
		<datafield tag="338" ind1=" " ind2=" ">
			<subfield code="a">volume</subfield>
			<subfield code="0">http://rdaregistry.info/termList/RDACarrierType/1049</subfield>
			<subfield code="b">nc</subfield>
			<subfield code="2">rdacarrier</subfield>
		</datafield>
		<datafield tag="380" ind1=" " ind2=" ">
			<subfield code="a">short story</subfield>
			<subfield code="2">LCSH</subfield>
			<subfield code="0">http://id.loc.gov/authorities/genreForms/gf2014026542</subfield>
		</datafield>
		<datafield tag="382" ind1=" " ind2="1">
			<subfield code="a">Klaver</subfield>
			<subfield code="s">1</subfield>
			<subfield code="2">emnmus</subfield>
		</datafield>
		<datafield tag="336" ind1=" " ind2=" ">
			<subfield code="0">http://rdaregistry.info/termList/RDAContentType/1020</subfield>
			<subfield code="a">text</subfield>
			<subfield code="b">txt</subfield>
			<subfield code="2">rdacontent</subfield>
		</datafield>
		<datafield tag="500" ind1=" " ind2=" ">
			<subfield code="a">Påtrykt pris: 60 öre</subfield>
		</datafield>
		<datafield tag="500" ind1=" " ind2=" ">
			<subfield code="a">Platenummer: E.and S.1972</subfield>
		</datafield>
		<datafield tag="700" ind1="1" ind2=" ">
			<subfield code="a">Bjørnson, Bjørnstjerne</subfield>
			<subfield code="d">1832-1910</subfield>
			<subfield code="0">http://viaf.org/viaf/295290572</subfield>
			<subfield code="4">aut</subfield>
		</datafield>
	</record>