
	<record>
		<leader>01191cam a22002897c 4500</leader>
		<controlfield tag="001">990901296954702201</controlfield>
		<controlfield tag="005">20180619131659.0</controlfield>
		<controlfield tag="007">ta</controlfield>
		<controlfield tag="008">130806s1932    no#|||||||||||000|u|nob|</controlfield>
		<datafield tag="015" ind1=" " ind2=" ">
			<subfield code="a">3200176</subfield>
			<subfield code="2">nbf</subfield>
		</datafield>
		<datafield tag="020" ind1=" " ind2=" ">
			<subfield code="q">h.</subfield>
			<subfield code="c">Nkr 2.00</subfield>
		</datafield>
		<datafield tag="020" ind1=" " ind2=" ">
			<subfield code="q">ib.</subfield>
			<subfield code="c">Nkr 3.00</subfield>
		</datafield>
		<datafield tag="035" ind1=" " ind2=" ">
			<subfield code="a">090129695-47bibsys_network</subfield>
		</datafield>
		<datafield tag="035" ind1=" " ind2=" ">
			<subfield code="a">(NO-TrBIB)090129695</subfield>
		</datafield>
		<datafield tag="040" ind1=" " ind2=" ">
			<subfield code="a">NO-OsNB</subfield>
			<subfield code="b">nob</subfield>
			<subfield code="e">katreg</subfield>
		</datafield>
		<datafield tag="044" ind1=" " ind2=" ">
			<subfield code="c">no</subfield>
		</datafield>
		<datafield tag="100" ind1="1" ind2=" ">
			<subfield code="a">Bjørnson, Bjørnstjerne</subfield>
			<subfield code="d">1832-1910</subfield>
			<subfield code="0">http://viaf.org/viaf/295290572</subfield>
			<subfield code="4">aut</subfield>
		</datafield>
		<datafield tag="240" ind1="1" ind2="0">
			<subfield code="a">En glad gut</subfield>
			<subfield code="0">http://www.wikidata.org/wiki/Q11967394</subfield>
		</datafield>
		<datafield tag="245" ind1="1" ind2="3">
			<subfield code="a">En glad gut :</subfield>
			<subfield code="b">fortælling ; illustrationer fra filmen</subfield>
			<subfield code="c">Bjørnstjerne Bjørnson</subfield>
		</datafield>
		<datafield tag="260" ind1=" " ind2=" ">
			<subfield code="a">Oslo</subfield>
			<subfield code="b">Gyldendal</subfield>
			<subfield code="c">1932</subfield>
		</datafield>
		<datafield tag="300" ind1=" " ind2=" ">
			<subfield code="a">127 s.</subfield>
			<subfield code="b">ill.</subfield>
		</datafield>
		<datafield tag="337" ind1=" " ind2=" ">
			<subfield code="a">unmediated</subfield>
			<subfield code="b">n</subfield>
			<subfield code="2">rdamedia</subfield>
			<subfield code="0">http://rdaregistry.info/termList/RDAMediaType/1007</subfield>
		</datafield>
		<datafield tag="338" ind1=" " ind2=" ">
			<subfield code="a">volume</subfield>
			<subfield code="0">http://rdaregistry.info/termList/RDACarrierType/1049</subfield>
			<subfield code="b">nc</subfield>
			<subfield code="2">rdacarrier</subfield>
		</datafield>
		<datafield tag="380" ind1=" " ind2=" ">
			<subfield code="a">short story</subfield>
			<subfield code="2">LCSH</subfield>
			<subfield code="0">http://id.loc.gov/authorities/genreForms/gf2014026542</subfield>
		</datafield>
		<datafield tag="506" ind1="0" ind2=" ">
			<subfield code="f">Åpen tilgang</subfield>
		</datafield>
		<datafield tag="336" ind1=" " ind2=" ">
			<subfield code="0">http://rdaregistry.info/termList/RDAContentType/1020</subfield>
			<subfield code="a">text</subfield>
			<subfield code="b">txt</subfield>
			<subfield code="2">rdacontent</subfield>
		</datafield>
		<datafield tag="533" ind1=" " ind2=" ">
			<subfield code="a">Elektronisk reproduksjon</subfield>
			<subfield code="b">[Norge]</subfield>
			<subfield code="c">Nasjonalbiblioteket Digital</subfield>
			<subfield code="d">2017-01-11</subfield>
		</datafield>
	</record>