
	<record>
		<leader>01513cam a2200349 c 4500</leader>
		<controlfield tag="001">998640398084702201</controlfield>
		<controlfield tag="005">20160622162325.0</controlfield>
		<controlfield tag="007">ta</controlfield>
		<controlfield tag="007">cr||||||||||||</controlfield>
		<controlfield tag="008">151020s1971    no#||||| |||||000|u|nob|d</controlfield>
		<datafield tag="020" ind1=" " ind2=" ">
			<subfield code="a">8205000409</subfield>
		</datafield>
		<datafield tag="035" ind1=" " ind2=" ">
			<subfield code="a">864039808-47bibsys_network</subfield>
		</datafield>
		<datafield tag="035" ind1=" " ind2=" ">
			<subfield code="a">(NO-TrBIB)864039808</subfield>
		</datafield>
		<datafield tag="035" ind1=" " ind2=" ">
			<subfield code="a">(NO-TrBIB)142127604</subfield>
		</datafield>
		<datafield tag="040" ind1=" " ind2=" ">
			<subfield code="a">NO-TrBIB</subfield>
			<subfield code="b">nob</subfield>
			<subfield code="e">katreg</subfield>
		</datafield>
		<datafield tag="044" ind1=" " ind2=" ">
			<subfield code="c">no</subfield>
		</datafield>
		<datafield tag="100" ind1="1" ind2=" ">
			<subfield code="a">Bjørnson, Bjørnstjerne</subfield>
			<subfield code="d">1832-1910</subfield>
			<subfield code="0">http://viaf.org/viaf/295290572</subfield>
			<subfield code="4">aut</subfield>
		</datafield>
		<datafield tag="240" ind1="1" ind2="3">
			<subfield code="a">En glad Gut</subfield>
			<subfield code="0">http://www.wikidata.org/wiki/Q11967394</subfield>
		</datafield>
		<datafield tag="245" ind1="1" ind2="3">
			<subfield code="a">En glad gutt</subfield>
			<subfield code="c">Bjørnstjerne Bjørnson ; ved Daniel Haakonsen</subfield>
		</datafield>
		<datafield tag="250" ind1=" " ind2=" ">
			<subfield code="a">9. oppl.</subfield>
		</datafield>
		<datafield tag="260" ind1=" " ind2=" ">
			<subfield code="a">Oslo</subfield>
			<subfield code="b">Gyldendal</subfield>
			<subfield code="c">1971</subfield>
		</datafield>
		<datafield tag="300" ind1=" " ind2=" ">
			<subfield code="a">89 s.</subfield>
			<subfield code="b">ill.</subfield>
		</datafield>
		<datafield tag="337" ind1=" " ind2=" ">
			<subfield code="a">unmediated</subfield>
			<subfield code="b">n</subfield>
			<subfield code="2">rdamedia</subfield>
			<subfield code="0">http://rdaregistry.info/termList/RDAMediaType/1007</subfield>
		</datafield>
		<datafield tag="338" ind1=" " ind2=" ">
			<subfield code="a">volume</subfield>
			<subfield code="0">http://rdaregistry.info/termList/RDACarrierType/1049</subfield>
			<subfield code="b">nc</subfield>
			<subfield code="2">rdacarrier</subfield>
		</datafield>
		<datafield tag="380" ind1=" " ind2=" ">
			<subfield code="a">short story</subfield>
			<subfield code="2">LCSH</subfield>
			<subfield code="0">http://id.loc.gov/authorities/genreForms/gf2014026542</subfield>
		</datafield>
		<datafield tag="490" ind1="0" ind2=" ">
			<subfield code="a">Gyldendals skoleutgaver</subfield>
		</datafield>
		<datafield tag="336" ind1=" " ind2=" ">
			<subfield code="0">http://rdaregistry.info/termList/RDAContentType/1020</subfield>
			<subfield code="a">text</subfield>
			<subfield code="b">txt</subfield>
			<subfield code="2">rdacontent</subfield>
		</datafield>
		<datafield tag="500" ind1=" " ind2=" ">
			<subfield code="a">Opplagshistorikk: 9. oppl. 1971; 11. oppl. 1992; 12. oppl. 2002</subfield>
		</datafield>
		<datafield tag="506" ind1="0" ind2=" ">
			<subfield code="f">Åpen tilgang</subfield>
		</datafield>
		<datafield tag="533" ind1=" " ind2=" ">
			<subfield code="a">Elektronisk reproduksjon</subfield>
			<subfield code="b">[Norge]</subfield>
			<subfield code="c">Nasjonalbiblioteket Digital</subfield>
			<subfield code="d">2014-05-13</subfield>
		</datafield>
		<datafield tag="653" ind1=" " ind2=" ">
			<subfield code="a">bondefortellinger</subfield>
			<subfield code="a">lærebøker</subfield>
			<subfield code="a">videregående</subfield>
			<subfield code="a">skole</subfield>
			<subfield code="a">norsk</subfield>
			<subfield code="a">litteratur</subfield>
		</datafield>
		<datafield tag="700" ind1="1" ind2=" ">
			<subfield code="a">Haakonsen, Daniel¨</subfield>
			<subfield code="0">http://viaf.org/viaf/233986225</subfield>
			<subfield code="d">1917-1989</subfield>
			<subfield code="0">(NO-TrBIB)90098424</subfield>
			<subfield code="4">edt</subfield>
		</datafield>
	</record>