
	<record>
		<leader>01235cam a2200337 c 4500</leader>
		<controlfield tag="001">990936733534702201</controlfield>
		<controlfield tag="005">20160622112516.0</controlfield>
		<controlfield tag="007">ta</controlfield>
		<controlfield tag="008">130806s2009    xx#|||||||||||000|f|eng|</controlfield>
		<datafield tag="015" ind1=" " ind2=" ">
			<subfield code="a">0917443</subfield>
			<subfield code="2">nbf</subfield>
		</datafield>
		<datafield tag="020" ind1=" " ind2=" ">
			<subfield code="a">9781605124216</subfield>
			<subfield code="q">h.</subfield>
		</datafield>
		<datafield tag="020" ind1=" " ind2=" ">
			<subfield code="a">9781605123219</subfield>
			<subfield code="q">ib.</subfield>
		</datafield>
		<datafield tag="035" ind1=" " ind2=" ">
			<subfield code="a">093673353-47bibsys_network</subfield>
		</datafield>
		<datafield tag="035" ind1=" " ind2=" ">
			<subfield code="a">(NO-TrBIB)093673353</subfield>
		</datafield>
		<datafield tag="040" ind1=" " ind2=" ">
			<subfield code="a">NO-OsNB</subfield>
			<subfield code="b">nob</subfield>
			<subfield code="e">katreg</subfield>
		</datafield>
		<datafield tag="041" ind1="1" ind2=" ">
			<subfield code="h">nob</subfield>
		</datafield>
		<datafield tag="042" ind1=" " ind2=" ">
			<subfield code="a">norbibl</subfield>
		</datafield>
		<datafield tag="044" ind1=" " ind2=" ">
			<subfield code="c">us</subfield>
		</datafield>
		<datafield tag="082" ind1="7" ind2="4">
			<subfield code="a">839.823</subfield>
			<subfield code="q">NO-OsNB</subfield>
			<subfield code="2">5/nor</subfield>
		</datafield>
		<datafield tag="100" ind1="1" ind2=" ">
			<subfield code="a">Bjørnson, Bjørnstjerne</subfield>
			<subfield code="d">1832-1910</subfield>
			<subfield code="0">http://viaf.org/viaf/295290572</subfield>
			<subfield code="4">aut</subfield>
		</datafield>
		<datafield tag="240" ind1="1" ind2="0">
			<subfield code="a">En glad gut</subfield>
			<subfield code="0">http://www.wikidata.org/wiki/Q11967394</subfield>
		</datafield>
		<datafield tag="245" ind1="1" ind2="2">
			<subfield code="a">A happy boy</subfield>
			<subfield code="c">Bjornstjerne Bjornson</subfield>
		</datafield>
		<datafield tag="260" ind1=" " ind2=" ">
			<subfield code="a">[Jacson Hole, You.]</subfield>
			<subfield code="b">Akasha Publ.</subfield>
			<subfield code="c">2009</subfield>
		</datafield>
		<datafield tag="300" ind1=" " ind2=" ">
			<subfield code="a">126 s.</subfield>
		</datafield>
		<datafield tag="337" ind1=" " ind2=" ">
			<subfield code="a">unmediated</subfield>
			<subfield code="b">n</subfield>
			<subfield code="2">rdamedia</subfield>
			<subfield code="0">http://rdaregistry.info/termList/RDAMediaType/1007</subfield>
		</datafield>
		<datafield tag="338" ind1=" " ind2=" ">
			<subfield code="a">volume</subfield>
			<subfield code="0">http://rdaregistry.info/termList/RDACarrierType/1049</subfield>
			<subfield code="b">nc</subfield>
			<subfield code="2">rdacarrier</subfield>
		</datafield>
		<datafield tag="380" ind1=" " ind2=" ">
			<subfield code="a">short story</subfield>
			<subfield code="2">LCSH</subfield>
			<subfield code="0">http://id.loc.gov/authorities/genreForms/gf2014026542</subfield>
		</datafield>
		<datafield tag="490" ind1="1" ind2=" ">
			<subfield code="a">Akasha classic series</subfield>
		</datafield>
		<datafield tag="336" ind1=" " ind2=" ">
			<subfield code="0">http://rdaregistry.info/termList/RDAContentType/1020</subfield>
			<subfield code="a">text</subfield>
			<subfield code="b">txt</subfield>
			<subfield code="2">rdacontent</subfield>
		</datafield>
		<datafield tag="740" ind1="3" ind2=" ">
			<subfield code="a">En glad gutt</subfield>
		</datafield>
		<datafield tag="830" ind1=" " ind2="0">
			<subfield code="a">Akasha classic series</subfield>
		</datafield>
	</record>