
	<record>
		<leader>01017cam a22002292  4500</leader>
		<controlfield tag="001">6312924</controlfield>
		<controlfield tag="005">20080220114516.0</controlfield>
		<controlfield tag="008">910701q19001948gw            000 0 ger  </controlfield>
		<datafield tag="035" ind1=" " ind2=" ">
			<subfield code="9">(DLC)ltf91072748</subfield>
		</datafield>
		<datafield tag="240" ind1="1" ind2="0">
			<subfield code="a">En glad gut</subfield>
			<subfield code="0">http://www.wikidata.org/wiki/Q11967394</subfield>
		</datafield>
		<datafield tag="010" ind1=" " ind2=" ">
			<subfield code="a">ltf91072748 </subfield>
		</datafield>
		<datafield tag="040" ind1=" " ind2=" ">
			<subfield code="a">DLC</subfield>
			<subfield code="c">DLC</subfield>
			<subfield code="d">DLC</subfield>
		</datafield>
		<datafield tag="050" ind1="0" ind2="0">
			<subfield code="a">4PT Norw 6</subfield>
		</datafield>
		<datafield tag="100" ind1="1" ind2=" ">
			<subfield code="a">Bjørnson, Bjørnstjerne</subfield>
			<subfield code="d">1832-1910</subfield>
			<subfield code="0">http://viaf.org/viaf/295290572</subfield>
			<subfield code="4">aut</subfield>
		</datafield>
		<datafield tag="245" ind1="0" ind2="4">
			<subfield code="a">Ein fröhlicher Bursch,</subfield>
			<subfield code="b">eine Erzählung.</subfield>
			<subfield code="c">Übertragen von Mathilde Mann.</subfield>
		</datafield>
		<datafield tag="260" ind1=" " ind2=" ">
			<subfield code="a">Leipzig,</subfield>
			<subfield code="b">Insel-Verlag</subfield>
			<subfield code="c">[19  ]</subfield>
		</datafield>
		<datafield tag="300" ind1=" " ind2=" ">
			<subfield code="a">87 s.</subfield>
		</datafield>
		<datafield tag="337" ind1=" " ind2=" ">
			<subfield code="a">unmediated</subfield>
			<subfield code="b">n</subfield>
			<subfield code="2">rdamedia</subfield>
			<subfield code="0">http://rdaregistry.info/termList/RDAMediaType/1007</subfield>
		</datafield>
		<datafield tag="338" ind1=" " ind2=" ">
			<subfield code="a">volume</subfield>
			<subfield code="0">http://rdaregistry.info/termList/RDACarrierType/1049</subfield>
			<subfield code="b">nc</subfield>
			<subfield code="2">rdacarrier</subfield>
		</datafield>
		<datafield tag="380" ind1=" " ind2=" ">
			<subfield code="a">short story</subfield>
			<subfield code="2">LCSH</subfield>
			<subfield code="0">http://id.loc.gov/authorities/genreForms/gf2014026542</subfield>
		</datafield>
		<datafield tag="700" ind1="1" ind2=" ">
			<subfield code="a">Mann, Mathilde</subfield>
			<subfield code="d">1859-1925</subfield>
			<subfield code="0">http://viaf.org/viaf/72158557</subfield>
			<subfield code="4">trl</subfield>
		</datafield>
		<datafield tag="336" ind1=" " ind2=" ">
			<subfield code="0">http://rdaregistry.info/termList/RDAContentType/1020</subfield>
			<subfield code="a">text</subfield>
			<subfield code="b">txt</subfield>
			<subfield code="2">rdacontent</subfield>
		</datafield>
	</record>