
	<record>
		<leader>01021cam a2200229u  4500</leader>
		<controlfield tag="001">9647596</controlfield>
		<controlfield tag="005">20080220114448.0</controlfield>
		<controlfield tag="008">820908s1916    xx            000 0 dan  </controlfield>
		<datafield tag="035" ind1=" " ind2=" ">
			<subfield code="9">(DLC)   16020543</subfield>
		</datafield>
		<datafield tag="240" ind1="1" ind2="0">
			<subfield code="a">En glad gut</subfield>
			<subfield code="0">http://www.wikidata.org/wiki/Q11967394</subfield>
		</datafield>
		<datafield tag="010" ind1=" " ind2=" ">
			<subfield code="a">   16020543 </subfield>
		</datafield>
		<datafield tag="040" ind1=" " ind2=" ">
			<subfield code="a">DLC</subfield>
			<subfield code="c">CarP</subfield>
			<subfield code="d">DLC</subfield>
		</datafield>
		<datafield tag="050" ind1="0" ind2="0">
			<subfield code="a">PT8817</subfield>
			<subfield code="b">.G5 1916</subfield>
		</datafield>
		<datafield tag="100" ind1="1" ind2=" ">
			<subfield code="a">Bjørnson, Bjørnstjerne</subfield>
			<subfield code="d">1832-1910</subfield>
			<subfield code="0">http://viaf.org/viaf/295290572</subfield>
			<subfield code="4">aut</subfield>
		</datafield>
		<datafield tag="245" ind1="1" ind2="3">
			<subfield code="a">En glad gut, ed. for school use</subfield>
		</datafield>
		<datafield tag="260" ind1=" " ind2=" ">
			<subfield code="a">Minneapolis, Minn.,</subfield>
			<subfield code="b">Augsburg publishing house,</subfield>
			<subfield code="c">1916.</subfield>
		</datafield>
		<datafield tag="300" ind1=" " ind2=" ">
			<subfield code="a">169 s.</subfield>
			<subfield code="c">20 cm.</subfield>
		</datafield>
		<datafield tag="337" ind1=" " ind2=" ">
			<subfield code="a">unmediated</subfield>
			<subfield code="b">n</subfield>
			<subfield code="2">rdamedia</subfield>
			<subfield code="0">http://rdaregistry.info/termList/RDAMediaType/1007</subfield>
		</datafield>
		<datafield tag="338" ind1=" " ind2=" ">
			<subfield code="a">volume</subfield>
			<subfield code="0">http://rdaregistry.info/termList/RDACarrierType/1049</subfield>
			<subfield code="b">nc</subfield>
			<subfield code="2">rdacarrier</subfield>
		</datafield>
		<datafield tag="380" ind1=" " ind2=" ">
			<subfield code="a">short story</subfield>
			<subfield code="2">LCSH</subfield>
			<subfield code="0">http://id.loc.gov/authorities/genreForms/gf2014026542</subfield>
		</datafield>
		<datafield tag="700" ind1="1" ind2=" ">
			<subfield code="a">Holvik, J. A.</subfield>
			<subfield code="0">(NO-TrBIB)90161749</subfield>
			<subfield code="0">http://viaf.org/viaf/257048285</subfield>
			<subfield code="4">edt</subfield>
		</datafield>
		<datafield tag="336" ind1=" " ind2=" ">
			<subfield code="0">http://rdaregistry.info/termList/RDAContentType/1020</subfield>
			<subfield code="a">text</subfield>
			<subfield code="b">txt</subfield>
			<subfield code="2">rdacontent</subfield>
		</datafield>
	</record>