
	<record>
		<leader>01244cam a2200277 a 4500</leader>
		<controlfield tag="001">015835153</controlfield>
		<controlfield tag="003">UkOxU</controlfield>
		<controlfield tag="005">20050419143739.0</controlfield>
		<controlfield tag="008">880622s1896    enk           000 1 eng d</controlfield>
		<datafield tag="035" ind1=" " ind2=" ">
			<subfield code="a">(MH)MHANZ43033HU</subfield>
		</datafield>
		<datafield tag="035" ind1=" " ind2=" ">
			<subfield code="a">(OCoLC)18122475</subfield>
		</datafield>
		<datafield tag="035" ind1=" " ind2=" ">
			<subfield code="a">(CStRLIN)MAHGANZ43033-B</subfield>
		</datafield>
		<datafield tag="040" ind1=" " ind2=" ">
			<subfield code="a">OkU</subfield>
			<subfield code="c">OkU</subfield>
			<subfield code="d">MH</subfield>
			<subfield code="d">CStRLIN</subfield>
		</datafield>
		<datafield tag="090" ind1=" " ind2=" ">
			<subfield code="b">Scan 7622.3.29</subfield>
		</datafield>
		<datafield tag="100" ind1="1" ind2=" ">
			<subfield code="a">Bjørnson, Bjørnstjerne</subfield>
			<subfield code="d">1832-1910</subfield>
			<subfield code="0">http://viaf.org/viaf/295290572</subfield>
			<subfield code="4">aut</subfield>
		</datafield>
		<datafield tag="240" ind1="1" ind2="0">
			<subfield code="a">En glad gut</subfield>
			<subfield code="0">http://www.wikidata.org/wiki/Q11967394</subfield>
		</datafield>
		<datafield tag="245" ind1="1" ind2="2">
			<subfield code="a">A happy boy /</subfield>
			<subfield code="c">by Björnstjerne Björnson ; translated from the Norwegian by Mrs. W. Archer.</subfield>
		</datafield>
		<datafield tag="260" ind1=" " ind2=" ">
			<subfield code="a">London :</subfield>
			<subfield code="b">Heinemann,</subfield>
			<subfield code="c">1896.</subfield>
		</datafield>
		<datafield tag="300" ind1=" " ind2=" ">
			<subfield code="a">181 s. ;</subfield>
			<subfield code="c">18 cm.</subfield>
		</datafield>
		<datafield tag="337" ind1=" " ind2=" ">
			<subfield code="a">unmediated</subfield>
			<subfield code="b">n</subfield>
			<subfield code="2">rdamedia</subfield>
			<subfield code="0">http://rdaregistry.info/termList/RDAMediaType/1007</subfield>
		</datafield>
		<datafield tag="338" ind1=" " ind2=" ">
			<subfield code="a">volume</subfield>
			<subfield code="0">http://rdaregistry.info/termList/RDACarrierType/1049</subfield>
			<subfield code="b">nc</subfield>
			<subfield code="2">rdacarrier</subfield>
		</datafield>
		<datafield tag="380" ind1=" " ind2=" ">
			<subfield code="a">short story</subfield>
			<subfield code="2">LCSH</subfield>
			<subfield code="0">http://id.loc.gov/authorities/genreForms/gf2014026542</subfield>
		</datafield>
		<datafield tag="500" ind1=" " ind2=" ">
			<subfield code="a">"Originally published in the Christiania newspaper 'Aftenbladet,' 1859-60."</subfield>
		</datafield>
		<datafield tag="336" ind1=" " ind2=" ">
			<subfield code="0">http://rdaregistry.info/termList/RDAContentType/1020</subfield>
			<subfield code="a">text</subfield>
			<subfield code="b">txt</subfield>
			<subfield code="2">rdacontent</subfield>
		</datafield>
		<datafield tag="700" ind1="1" ind2=" ">
			<subfield code="a">Archer, William,</subfield>
			<subfield code="c">Mrs.</subfield>
			<subfield code="4">trl</subfield>
		</datafield>
		<datafield tag="830" ind1=" " ind2="4">
			<subfield code="a">The novels of Björnstjerne Björnson ;</subfield>
			<subfield code="v">vol. III</subfield>
		</datafield>
	</record>