
	<record>
		<leader>01180cam a22002417c 4500</leader>
		<controlfield tag="001">990901590554702201</controlfield>
		<controlfield tag="005">20130806103044.0</controlfield>
		<controlfield tag="007">ta</controlfield>
		<controlfield tag="008">130806s1871    xx#|||||||||||000|u|eng|</controlfield>
		<datafield tag="035" ind1=" " ind2=" ">
			<subfield code="a">090159055-47bibsys_network</subfield>
		</datafield>
		<datafield tag="035" ind1=" " ind2=" ">
			<subfield code="a">(NO-TrBIB)090159055</subfield>
		</datafield>
		<datafield tag="040" ind1=" " ind2=" ">
			<subfield code="a">NO-OsNB</subfield>
			<subfield code="b">nob</subfield>
			<subfield code="e">katreg</subfield>
		</datafield>
		<datafield tag="100" ind1="1" ind2=" ">
			<subfield code="a">Bjørnson, Bjørnstjerne</subfield>
			<subfield code="d">1832-1910</subfield>
			<subfield code="0">http://viaf.org/viaf/295290572</subfield>
			<subfield code="4">aut</subfield>
		</datafield>
		<datafield tag="240" ind1="1" ind2="0">
			<subfield code="a">Fiskerjenten</subfield>
			<subfield code="0">http://www.wikidata.org/wiki/Q11969033</subfield>
		</datafield>
		<datafield tag="245" ind1="1" ind2="4">
			<subfield code="a">The fisher girl :</subfield>
			<subfield code="b">by Björnstjerne Björnson ; translated from the Norwegian by Sivert and Elizabeth Hjerild (translaters of Ovind)</subfield>
		</datafield>
		<datafield tag="260" ind1=" " ind2=" ">
			<subfield code="a">London</subfield>
			<subfield code="b">trübner and Co.</subfield>
			<subfield code="c">1871</subfield>
		</datafield>
		<datafield tag="300" ind1=" " ind2=" ">
			<subfield code="a">250 s.</subfield>
		</datafield>
		<datafield tag="337" ind1=" " ind2=" ">
			<subfield code="a">unmediated</subfield>
			<subfield code="b">n</subfield>
			<subfield code="2">rdamedia</subfield>
			<subfield code="0">http://rdaregistry.info/termList/RDAMediaType/1007</subfield>
		</datafield>
		<datafield tag="338" ind1=" " ind2=" ">
			<subfield code="a">volume</subfield>
			<subfield code="0">http://rdaregistry.info/termList/RDACarrierType/1049</subfield>
			<subfield code="b">nc</subfield>
			<subfield code="2">rdacarrier</subfield>
		</datafield>
		<datafield tag="380" ind1=" " ind2=" ">
			<subfield code="a">novel</subfield>
			<subfield code="2">LCSH</subfield>
			<subfield code="0">http://id.loc.gov/authorities/genreForms/gf2015026020</subfield>
		</datafield>
		<datafield tag="700" ind1="1" ind2=" ">
			<subfield code="a">Hjerleid, Elizabeth</subfield>
			<subfield code="0">http://viaf.org/viaf/82145970088932250909</subfield>
			<subfield code="4">trl</subfield>
		</datafield>
		<datafield tag="336" ind1=" " ind2=" ">
			<subfield code="0">http://rdaregistry.info/termList/RDAContentType/1020</subfield>
			<subfield code="a">text</subfield>
			<subfield code="b">txt</subfield>
			<subfield code="2">rdacontent</subfield>
		</datafield>
		<datafield tag="700" ind1="1" ind2=" ">
			<subfield code="a">Hjerleid, Sivert</subfield>
			<subfield code="0">http://viaf.org/viaf/70145970087332250913</subfield>
			<subfield code="4">trl</subfield>
		</datafield>
	</record>