
	<record>
		<leader>01318cam a22002891  4500</leader>
		<controlfield tag="001">6881616</controlfield>
		<controlfield tag="005">20020710132133.0</controlfield>
		<controlfield tag="008">810710s1932    nyuaf         000 1 eng  </controlfield>
		<datafield tag="035" ind1=" " ind2=" ">
			<subfield code="9">(DLC)   32030644</subfield>
		</datafield>
		<datafield tag="240" ind1="1" ind2="0">
			<subfield code="a">Synnøve Solbakken</subfield>
			<subfield code="0">http://www.wikidata.org/wiki/Q2421868</subfield>
		</datafield>
		<datafield tag="010" ind1=" " ind2=" ">
			<subfield code="a">   32030644 </subfield>
		</datafield>
		<datafield tag="035" ind1=" " ind2=" ">
			<subfield code="a">(OCoLC)7570680</subfield>
		</datafield>
		<datafield tag="040" ind1=" " ind2=" ">
			<subfield code="a">DLC</subfield>
			<subfield code="c">OCl</subfield>
			<subfield code="d">DLC</subfield>
		</datafield>
		<datafield tag="041" ind1="1" ind2=" ">
			<subfield code="a">engnor</subfield>
		</datafield>
		<datafield tag="050" ind1="0" ind2="0">
			<subfield code="a">PZ3.B558</subfield>
			<subfield code="b">Su</subfield>
		</datafield>
		<datafield tag="082" ind1=" " ind2=" ">
			<subfield code="a">839.8236</subfield>
		</datafield>
		<datafield tag="100" ind1="1" ind2=" ">
			<subfield code="a">Bjørnson, Bjørnstjerne</subfield>
			<subfield code="d">1832-1910</subfield>
			<subfield code="0">http://viaf.org/viaf/295290572</subfield>
			<subfield code="4">aut</subfield>
		</datafield>
		<datafield tag="245" ind1="1" ind2="0">
			<subfield code="a">Sunny hill,</subfield>
			<subfield code="b">a Norwegian idyll,</subfield>
			<subfield code="c">by Björnstjerne Björnson; translated from "Synnövé Solbakken"; introduction by Annie S. Cutter; illustrated by Johan Bull.</subfield>
		</datafield>
		<datafield tag="260" ind1=" " ind2=" ">
			<subfield code="a">New York,</subfield>
			<subfield code="b">The Macmillan company,</subfield>
			<subfield code="c">1932.</subfield>
		</datafield>
		<datafield tag="300" ind1=" " ind2=" ">
			<subfield code="a">xi s., 1 l., 153 s. incl. front., illus., plates.</subfield>
			<subfield code="c">20 cm.</subfield>
		</datafield>
		<datafield tag="337" ind1=" " ind2=" ">
			<subfield code="a">unmediated</subfield>
			<subfield code="b">n</subfield>
			<subfield code="2">rdamedia</subfield>
			<subfield code="0">http://rdaregistry.info/termList/RDAMediaType/1007</subfield>
		</datafield>
		<datafield tag="338" ind1=" " ind2=" ">
			<subfield code="a">volume</subfield>
			<subfield code="0">http://rdaregistry.info/termList/RDACarrierType/1049</subfield>
			<subfield code="b">nc</subfield>
			<subfield code="2">rdacarrier</subfield>
		</datafield>
		<datafield tag="380" ind1=" " ind2=" ">
			<subfield code="a">novel</subfield>
			<subfield code="2">LCSH</subfield>
			<subfield code="0">http://id.loc.gov/authorities/genreForms/gf2015026020</subfield>
		</datafield>
		<datafield tag="490" ind1="0" ind2=" ">
			<subfield code="a">The Green and blue library</subfield>
		</datafield>
		<datafield tag="336" ind1=" " ind2=" ">
			<subfield code="0">http://rdaregistry.info/termList/RDAContentType/1020</subfield>
			<subfield code="a">text</subfield>
			<subfield code="b">txt</subfield>
			<subfield code="2">rdacontent</subfield>
		</datafield>
		<datafield tag="651" ind1=" " ind2="0">
			<subfield code="a">Norway</subfield>
			<subfield code="v">Fiction.</subfield>
		</datafield>
		<datafield tag="700" ind1="1" ind2=" ">
			<subfield code="a">Cutter, Annie Spencer</subfield>
			<subfield code="0">http://viaf.org/viaf/93936437</subfield>
			<subfield code="4">aui</subfield>
		</datafield>
	</record>