
	<record>
		<leader>01001cam a2200229u  4500</leader>
		<controlfield tag="001">10239530</controlfield>
		<controlfield tag="005">20080220114000.0</controlfield>
		<controlfield tag="008">840604s1942    gw            000 0 ger  </controlfield>
		<datafield tag="035" ind1=" " ind2=" ">
			<subfield code="9">(DLC)   50043582</subfield>
		</datafield>
		<datafield tag="240" ind1="1" ind2="0">
			<subfield code="a">Synnøve Solbakken</subfield>
			<subfield code="0">http://www.wikidata.org/wiki/Q2421868</subfield>
		</datafield>
		<datafield tag="010" ind1=" " ind2=" ">
			<subfield code="a">   50043582 </subfield>
		</datafield>
		<datafield tag="040" ind1=" " ind2=" ">
			<subfield code="a">DLC</subfield>
			<subfield code="c">CarP</subfield>
			<subfield code="d">DLC</subfield>
		</datafield>
		<datafield tag="050" ind1="0" ind2="0">
			<subfield code="a">PT8817.S8</subfield>
			<subfield code="b">G59</subfield>
		</datafield>
		<datafield tag="100" ind1="1" ind2=" ">
			<subfield code="a">Bjørnson, Bjørnstjerne</subfield>
			<subfield code="d">1832-1910</subfield>
			<subfield code="0">http://viaf.org/viaf/295290572</subfield>
			<subfield code="4">aut</subfield>
		</datafield>
		<datafield tag="245" ind1="1" ind2="0">
			<subfield code="a">Synnöve Solbakken, Erzählung.</subfield>
		</datafield>
		<datafield tag="260" ind1=" " ind2=" ">
			<subfield code="a">Stuttgart,</subfield>
			<subfield code="b">Verlag Deutsche Volksbücher</subfield>
			<subfield code="c">[1942]</subfield>
		</datafield>
		<datafield tag="300" ind1=" " ind2=" ">
			<subfield code="a">108 s.</subfield>
			<subfield code="c">20 cm.</subfield>
		</datafield>
		<datafield tag="337" ind1=" " ind2=" ">
			<subfield code="a">unmediated</subfield>
			<subfield code="b">n</subfield>
			<subfield code="2">rdamedia</subfield>
			<subfield code="0">http://rdaregistry.info/termList/RDAMediaType/1007</subfield>
		</datafield>
		<datafield tag="338" ind1=" " ind2=" ">
			<subfield code="a">volume</subfield>
			<subfield code="0">http://rdaregistry.info/termList/RDACarrierType/1049</subfield>
			<subfield code="b">nc</subfield>
			<subfield code="2">rdacarrier</subfield>
		</datafield>
		<datafield tag="380" ind1=" " ind2=" ">
			<subfield code="a">novel</subfield>
			<subfield code="2">LCSH</subfield>
			<subfield code="0">http://id.loc.gov/authorities/genreForms/gf2015026020</subfield>
		</datafield>
		<datafield tag="830" ind1=" " ind2="0">
			<subfield code="a">Wiesbadener Volksbücher, Nr.</subfield>
			<subfield code="v">149. [from old catalog]</subfield>
		</datafield>
		<datafield tag="336" ind1=" " ind2=" ">
			<subfield code="0">http://rdaregistry.info/termList/RDAContentType/1020</subfield>
			<subfield code="a">text</subfield>
			<subfield code="b">txt</subfield>
			<subfield code="2">rdacontent</subfield>
		</datafield>
	</record>