
	<record>
		<leader>01273cam a2200277   4500</leader>
		<controlfield tag="001">2282227</controlfield>
		<controlfield tag="005">20020325085108.0</controlfield>
		<controlfield tag="008">720602r19721894nyu           000 1 eng  </controlfield>
		<datafield tag="035" ind1=" " ind2=" ">
			<subfield code="9">(DLC)   79038341</subfield>
		</datafield>
		<datafield tag="240" ind1="1" ind2="0">
			<subfield code="a">Synnøve Solbakken</subfield>
			<subfield code="0">http://www.wikidata.org/wiki/Q2421868</subfield>
		</datafield>
		<datafield tag="010" ind1=" " ind2=" ">
			<subfield code="a">   79038341 </subfield>
		</datafield>
		<datafield tag="020" ind1=" " ind2=" ">
			<subfield code="a">0836967585</subfield>
		</datafield>
		<datafield tag="040" ind1=" " ind2=" ">
			<subfield code="a">DLC</subfield>
			<subfield code="c">DLC</subfield>
			<subfield code="d">DLC</subfield>
		</datafield>
		<datafield tag="050" ind1="0" ind2="0">
			<subfield code="a">PZ3.B558</subfield>
			<subfield code="b">Sy7</subfield>
			<subfield code="a">PT8817</subfield>
		</datafield>
		<datafield tag="082" ind1="0" ind2="0">
			<subfield code="a">839.8/2/36</subfield>
		</datafield>
		<datafield tag="100" ind1="1" ind2=" ">
			<subfield code="a">Bjørnson, Bjørnstjerne</subfield>
			<subfield code="d">1832-1910</subfield>
			<subfield code="0">http://viaf.org/viaf/295290572</subfield>
			<subfield code="4">aut</subfield>
		</datafield>
		<datafield tag="245" ind1="1" ind2="0">
			<subfield code="a">Synnövé Solbakken.</subfield>
			<subfield code="c">Given in English by Julie Sutter. A new ed. with an essay on the writings of Björnson by Edmund Gosse.</subfield>
		</datafield>
		<datafield tag="260" ind1=" " ind2=" ">
			<subfield code="a">Freeport, N.Y.,</subfield>
			<subfield code="b">Books for Libraries Press</subfield>
			<subfield code="c">[1972]</subfield>
		</datafield>
		<datafield tag="300" ind1=" " ind2=" ">
			<subfield code="a">lxxvi, 189 s.</subfield>
			<subfield code="c">23 cm.</subfield>
		</datafield>
		<datafield tag="337" ind1=" " ind2=" ">
			<subfield code="a">unmediated</subfield>
			<subfield code="b">n</subfield>
			<subfield code="2">rdamedia</subfield>
			<subfield code="0">http://rdaregistry.info/termList/RDAMediaType/1007</subfield>
		</datafield>
		<datafield tag="338" ind1=" " ind2=" ">
			<subfield code="a">volume</subfield>
			<subfield code="0">http://rdaregistry.info/termList/RDACarrierType/1049</subfield>
			<subfield code="b">nc</subfield>
			<subfield code="2">rdacarrier</subfield>
		</datafield>
		<datafield tag="380" ind1=" " ind2=" ">
			<subfield code="a">novel</subfield>
			<subfield code="2">LCSH</subfield>
			<subfield code="0">http://id.loc.gov/authorities/genreForms/gf2015026020</subfield>
		</datafield>
		<datafield tag="500" ind1=" " ind2=" ">
			<subfield code="a">Reprint of the 1894 ed.</subfield>
		</datafield>
		<datafield tag="336" ind1=" " ind2=" ">
			<subfield code="0">http://rdaregistry.info/termList/RDAContentType/1020</subfield>
			<subfield code="a">text</subfield>
			<subfield code="b">txt</subfield>
			<subfield code="2">rdacontent</subfield>
		</datafield>
		<datafield tag="700" ind1="1" ind2=" ">
			<subfield code="a">Sutter, Julie</subfield>
			<subfield code="0">http://viaf.org/viaf/6554818</subfield>
			<subfield code="4">trl</subfield>
		</datafield>
		<datafield tag="700" ind1="1" ind2=" ">
			<subfield code="a">Gosse, Edmund</subfield>
			<subfield code="d">1849-1928</subfield>
			<subfield code="0">http://viaf.org/viaf/54239311</subfield>
			<subfield code="4">wac</subfield>
		</datafield>
	</record>