
	<record>
		<leader>01190cam a22002411a 4500</leader>
		<controlfield tag="001">012293217</controlfield>
		<controlfield tag="003">UkOxU</controlfield>
		<controlfield tag="005">20010807154111.0</controlfield>
		<controlfield tag="008">850515s1870    enka          000 0 eng d</controlfield>
		<datafield tag="035" ind1=" " ind2=" ">
			<subfield code="a">OCLC ocm13258751 from D970107T</subfield>
		</datafield>
		<datafield tag="040" ind1=" " ind2=" ">
			<subfield code="a">MNU</subfield>
			<subfield code="c">MNU</subfield>
			<subfield code="d">EQO</subfield>
		</datafield>
		<datafield tag="041" ind1="1" ind2=" ">
			<subfield code="a">eng</subfield>
			<subfield code="h">nor</subfield>
		</datafield>
		<datafield tag="100" ind1="1" ind2=" ">
			<subfield code="a">Bjørnson, Bjørnstjerne</subfield>
			<subfield code="d">1832-1910</subfield>
			<subfield code="0">http://viaf.org/viaf/295290572</subfield>
			<subfield code="4">aut</subfield>
		</datafield>
		<datafield tag="240" ind1="1" ind2="0">
			<subfield code="a">Synnøve Solbakken.</subfield>
			<subfield code="l">English.</subfield>
			<subfield code="0">http://www.wikidata.org/wiki/Q2421868</subfield>
		</datafield>
		<datafield tag="245" ind1="1" ind2="0">
			<subfield code="a">Love and life in Norway /</subfield>
			<subfield code="c">translated from the Norwegian of Bjørnstjerne Bjørnsen by the Hon. Augusta Bethell and Augusta Plesner.</subfield>
		</datafield>
		<datafield tag="260" ind1=" " ind2=" ">
			<subfield code="a">London :</subfield>
			<subfield code="b">Cassell, Petter, and Galpin,</subfield>
			<subfield code="c">[1870]</subfield>
		</datafield>
		<datafield tag="300" ind1=" " ind2=" ">
			<subfield code="a">157 s. :</subfield>
			<subfield code="b">illus. ;</subfield>
			<subfield code="c">17 cm.</subfield>
		</datafield>
		<datafield tag="337" ind1=" " ind2=" ">
			<subfield code="a">unmediated</subfield>
			<subfield code="b">n</subfield>
			<subfield code="2">rdamedia</subfield>
			<subfield code="0">http://rdaregistry.info/termList/RDAMediaType/1007</subfield>
		</datafield>
		<datafield tag="338" ind1=" " ind2=" ">
			<subfield code="a">volume</subfield>
			<subfield code="0">http://rdaregistry.info/termList/RDACarrierType/1049</subfield>
			<subfield code="b">nc</subfield>
			<subfield code="2">rdacarrier</subfield>
		</datafield>
		<datafield tag="380" ind1=" " ind2=" ">
			<subfield code="a">novel</subfield>
			<subfield code="2">LCSH</subfield>
			<subfield code="0">http://id.loc.gov/authorities/genreForms/gf2015026020</subfield>
		</datafield>
		<datafield tag="700" ind1="1" ind2=" ">
			<subfield code="a">Bethell, Augusta</subfield>
			<subfield code="d">-1931</subfield>
			<subfield code="0">http://viaf.org/viaf/44168368</subfield>
			<subfield code="4">trl</subfield>
		</datafield>
		<datafield tag="336" ind1=" " ind2=" ">
			<subfield code="0">http://rdaregistry.info/termList/RDAContentType/1020</subfield>
			<subfield code="a">text</subfield>
			<subfield code="b">txt</subfield>
			<subfield code="2">rdacontent</subfield>
		</datafield>
		<datafield tag="700" ind1="1" ind2=" ">
			<subfield code="a">Plesner, Augusta</subfield>
			<subfield code="0">http://viaf.org/viaf/96785648</subfield>
			<subfield code="4">trl</subfield>
		</datafield>
	</record>