
	<record>
		<leader>01133nam a22002532  4500</leader>
		<controlfield tag="001">012293218</controlfield>
		<controlfield tag="003">UkOxU</controlfield>
		<controlfield tag="005">20110704212148.0</controlfield>
		<controlfield tag="008">891127s1871    gw            000 0 ger d</controlfield>
		<datafield tag="035" ind1=" " ind2=" ">
			<subfield code="a">OCLC ocm20699185 from D970107T</subfield>
		</datafield>
		<datafield tag="040" ind1=" " ind2=" ">
			<subfield code="a">CUY</subfield>
			<subfield code="c">CUY</subfield>
			<subfield code="d">EQO</subfield>
		</datafield>
		<datafield tag="090" ind1=" " ind2=" ">
			<subfield code="a">PT8817.S8</subfield>
			<subfield code="b">G5 1871</subfield>
		</datafield>
		<datafield tag="100" ind1="1" ind2=" ">
			<subfield code="a">Bjørnson, Bjørnstjerne</subfield>
			<subfield code="d">1832-1910</subfield>
			<subfield code="0">http://viaf.org/viaf/295290572</subfield>
			<subfield code="4">aut</subfield>
		</datafield>
		<datafield tag="240" ind1="1" ind2="0">
			<subfield code="a">Synnøve Solbakken</subfield>
			<subfield code="0">http://www.wikidata.org/wiki/Q2421868</subfield>
		</datafield>
		<datafield tag="245" ind1="1" ind2="0">
			<subfield code="a">Synnöve Solbakken /</subfield>
			<subfield code="c">Aus dem Norwegischen von W. Lange.</subfield>
		</datafield>
		<datafield tag="260" ind1=" " ind2=" ">
			<subfield code="a">Leipzig :</subfield>
			<subfield code="b">P. Reclam jun.,</subfield>
			<subfield code="c">[1871?]</subfield>
		</datafield>
		<datafield tag="300" ind1=" " ind2=" ">
			<subfield code="a">117 s.</subfield>
		</datafield>
		<datafield tag="337" ind1=" " ind2=" ">
			<subfield code="a">unmediated</subfield>
			<subfield code="b">n</subfield>
			<subfield code="2">rdamedia</subfield>
			<subfield code="0">http://rdaregistry.info/termList/RDAMediaType/1007</subfield>
		</datafield>
		<datafield tag="338" ind1=" " ind2=" ">
			<subfield code="a">volume</subfield>
			<subfield code="0">http://rdaregistry.info/termList/RDACarrierType/1049</subfield>
			<subfield code="b">nc</subfield>
			<subfield code="2">rdacarrier</subfield>
		</datafield>
		<datafield tag="380" ind1=" " ind2=" ">
			<subfield code="a">novel</subfield>
			<subfield code="2">LCSH</subfield>
			<subfield code="0">http://id.loc.gov/authorities/genreForms/gf2015026020</subfield>
		</datafield>
		<datafield tag="490" ind1="1" ind2=" ">
			<subfield code="a">Universal-Bibliothek (Leipzig, Germany) ;</subfield>
			<subfield code="v">656</subfield>
		</datafield>
		<datafield tag="336" ind1=" " ind2=" ">
			<subfield code="0">http://rdaregistry.info/termList/RDAContentType/1020</subfield>
			<subfield code="a">text</subfield>
			<subfield code="b">txt</subfield>
			<subfield code="2">rdacontent</subfield>
		</datafield>
		<datafield tag="700" ind1="1" ind2=" ">
			<subfield code="a">Lange, Wilhelm</subfield>
			<subfield code="0">http://viaf.org/viaf/161490346</subfield>
			<subfield code="4">trl</subfield>
		</datafield>
		<datafield tag="830" ind1=" " ind2="0">
			<subfield code="a">Universal-Bibliothek (Leipzig, Germany) ;</subfield>
			<subfield code="v">656.</subfield>
		</datafield>
	</record>