
	<record>
		<leader>01459cam a22003257c 4500</leader>
		<controlfield tag="001">990220055874702201</controlfield>
		<controlfield tag="005">20171115190145.0</controlfield>
		<controlfield tag="007">ta</controlfield>
		<controlfield tag="008">140826s1913    xx#|||||||||||000|u|mul|</controlfield>
		<datafield tag="035" ind1=" " ind2=" ">
			<subfield code="a">022005587-47bibsys_network</subfield>
		</datafield>
		<datafield tag="035" ind1=" " ind2=" ">
			<subfield code="a">(NO-TrBIB)022005587</subfield>
		</datafield>
		<datafield tag="040" ind1=" " ind2=" ">
			<subfield code="a">NO-OsNB</subfield>
			<subfield code="b">nob</subfield>
			<subfield code="e">katreg</subfield>
		</datafield>
		<datafield tag="041" ind1=" " ind2=" ">
			<subfield code="a">eng</subfield>
			<subfield code="a">nob</subfield>
		</datafield>
		<datafield tag="100" ind1="1" ind2=" ">
			<subfield code="a">Bjørnson, Bjørnstjerne</subfield>
			<subfield code="d">1832-1910</subfield>
			<subfield code="0">http://viaf.org/viaf/295290572</subfield>
			<subfield code="4">aut</subfield>
		</datafield>
		<datafield tag="240" ind1="1" ind2="0">
			<subfield code="a">Synnøve Solbakken</subfield>
			<subfield code="0">http://www.wikidata.org/wiki/Q2421868</subfield>
		</datafield>
		<datafield tag="245" ind1="1" ind2="0">
			<subfield code="a">Bjørnson's Synnøve Solbakken</subfield>
			<subfield code="c">edited with introduction, notes and vocabulary by George T. Flom</subfield>
		</datafield>
		<datafield tag="250" ind1=" " ind2=" ">
			<subfield code="a">Second edition</subfield>
		</datafield>
		<datafield tag="260" ind1=" " ind2=" ">
			<subfield code="a">Chicago, Ill.</subfield>
			<subfield code="b">John Anderson and Co.</subfield>
			<subfield code="c">1913</subfield>
		</datafield>
		<datafield tag="300" ind1=" " ind2=" ">
			<subfield code="a">XXXII,  206 s.</subfield>
			<subfield code="b">ill.</subfield>
		</datafield>
		<datafield tag="337" ind1=" " ind2=" ">
			<subfield code="a">unmediated</subfield>
			<subfield code="b">n</subfield>
			<subfield code="2">rdamedia</subfield>
			<subfield code="0">http://rdaregistry.info/termList/RDAMediaType/1007</subfield>
		</datafield>
		<datafield tag="338" ind1=" " ind2=" ">
			<subfield code="a">volume</subfield>
			<subfield code="0">http://rdaregistry.info/termList/RDACarrierType/1049</subfield>
			<subfield code="b">nc</subfield>
			<subfield code="2">rdacarrier</subfield>
		</datafield>
		<datafield tag="380" ind1=" " ind2=" ">
			<subfield code="a">novel</subfield>
			<subfield code="2">LCSH</subfield>
			<subfield code="0">http://id.loc.gov/authorities/genreForms/gf2015026020</subfield>
		</datafield>
		<datafield tag="600" ind1="1" ind2="0">
			<subfield code="a">Bjørnson, Bjørnstjerne</subfield>
			<subfield code="d">1832-1910</subfield>
			<subfield code="0">http://viaf.org/viaf/295290572</subfield>
		</datafield>
		<datafield tag="336" ind1=" " ind2=" ">
			<subfield code="0">http://rdaregistry.info/termList/RDAContentType/1020</subfield>
			<subfield code="a">text</subfield>
			<subfield code="b">txt</subfield>
			<subfield code="2">rdacontent</subfield>
		</datafield>
		<datafield tag="653" ind1=" " ind2=" ">
			<subfield code="a">usa</subfield>
			<subfield code="a">norsk-amerikanere</subfield>
			<subfield code="a">språk</subfield>
			<subfield code="a">lærebøker</subfield>
			<subfield code="a">undervisning</subfield>
			<subfield code="a">litteratur</subfield>
		</datafield>
		<datafield tag="650" ind1=" " ind2="7">
			<subfield code="a">Norsk-amerikanere</subfield>
			<subfield code="2">noram</subfield>
		</datafield>
		<datafield tag="650" ind1=" " ind2="7">
			<subfield code="a">Språk</subfield>
			<subfield code="2">noram</subfield>
		</datafield>
		<datafield tag="655" ind1=" " ind2="7">
			<subfield code="a">Lærebok</subfield>
			<subfield code="2">noram</subfield>
		</datafield>
		<datafield tag="700" ind1="1" ind2=" ">
			<subfield code="a">Flom, George Tobias</subfield>
			<subfield code="d">1871-1960</subfield>
			<subfield code="e">ed.</subfield>
			<subfield code="0">http://viaf.org/viaf/15139135</subfield>
			<subfield code="4">edt</subfield>
		</datafield>
		<datafield tag="740" ind1="0" ind2=" ">
			<subfield code="a">Synnøve Solbakken</subfield>
		</datafield>
	</record>