		
	
	<record>
		<leader>00406nam a20001574500   </leader>
		<controlfield tag="001">36542</controlfield>
		<controlfield tag="008">900206 a 0bnob </controlfield>
		<datafield tag="015" ind1=" " ind2=" ">
			<subfield code="a">8409826</subfield>
			<subfield code="b">BibliofilID</subfield>
		</datafield>
		<datafield tag="019" ind1=" " ind2=" ">
			<subfield code="b">l</subfield>
		</datafield>
		<datafield tag="100" ind1=" " ind2="0">
			<subfield code="a">Hamsun, Arild</subfield>
			<subfield code="d">1914-1988</subfield>
			<subfield code="j">n.</subfield>
			<subfield code="0">http://www.wikidata.org/entity/Q11958681</subfield>
			<subfield code="4">aut</subfield>
		</datafield>
		<datafield tag="240" ind1="1" ind2="0">
			<subfield code="a">Om Knut Hamsun og Nørholm</subfield>
			<subfield code="0">http://www.wikidata.org/entity/Q63028394</subfield>
		</datafield>
		<datafield tag="245" ind1="1" ind2="0">
			<subfield code="a">Om Knut Hamsun og Nørholm</subfield>
			<subfield code="c">Arild Hamsun</subfield>
		</datafield>
		<datafield tag="260" ind1=" " ind2=" ">
			<subfield code="a">Oslo</subfield>
			<subfield code="b">Aschehoug</subfield>
			<subfield code="c">1961</subfield>
		</datafield>
		<datafield tag="336" ind1=" " ind2=" ">
			<subfield code="a">text</subfield>
			<subfield code="b">txt</subfield>
			<subfield code="2">rdacontent</subfield>
			<subfield code="0">http://rdaregistry.info/termList/RDAContentType/1020</subfield>
		</datafield>
		<datafield tag="337" ind1=" " ind2=" ">
			<subfield code="a">unmediated</subfield>
			<subfield code="b">n</subfield>
			<subfield code="2">rdamedia</subfield>
			<subfield code="0">http://rdaregistry.info/termList/RDAMediaType/1007</subfield>
		</datafield>
		<datafield tag="338" ind1=" " ind2=" ">
			<subfield code="a">volume</subfield>
			<subfield code="b">nc</subfield>
			<subfield code="2">rdacarrier</subfield>
			<subfield code="0">http://rdaregistry.info/termList/RDACarrierType/1049</subfield>
		</datafield>
		<datafield tag="590" ind1=" " ind2=" ">
			<subfield code="a"> Hentet fra BIBSYS</subfield>
		</datafield>
		<datafield tag="600" ind1="1" ind2=" ">
			<subfield code="a">Hamsun, Knut</subfield>
			<subfield code="d">1859-1952</subfield>
			<subfield code="j">n.</subfield>
			<subfield code="0">http://viaf.org/viaf/59083692</subfield>
		</datafield>
	</record>