
	<record>
		<leader>00586nam a20001934500   </leader>
		<controlfield tag="001">116400</controlfield>
		<controlfield tag="008">040709 a 10ara</controlfield>
		<datafield tag="015" ind1=" " ind2=" ">
			<subfield code="a">8469477</subfield>
			<subfield code="b">BibliofilID</subfield>
		</datafield>
		<datafield tag="019" ind1=" " ind2=" ">
			<subfield code="b">l</subfield>
			<subfield code="d">R</subfield>
		</datafield>
		<datafield tag="020" ind1=" " ind2=" ">
			<subfield code="a">2-84305-195-9</subfield>
		</datafield>
		<datafield tag="100" ind1=" " ind2="0">
			<subfield code="a">Hamsun, Knut</subfield>
			<subfield code="d">1859-1952</subfield>
			<subfield code="j">n.</subfield>
			<subfield code="0">http://viaf.org/viaf/59083692</subfield>
			<subfield code="4">aut</subfield>
		</datafield>
		<datafield tag="240" ind1="1" ind2="0">
			<subfield code="a">Sult</subfield>
			<subfield code="l">Arabic</subfield>
			<subfield code="0">http://viaf.org/viaf/220443771</subfield>
		</datafield>
		<datafield tag="245" ind1="1" ind2="0">
			<subfield code="a">al-Ju'</subfield>
			<subfield code="c">Skrevet av Knut Hamsun. Oversatt av Mahmud Hasan al-'Urabi</subfield>
		</datafield>
		<datafield tag="260" ind1=" " ind2=" ">
			<subfield code="a">Damaskus</subfield>
			<subfield code="b">al-Madá</subfield>
			<subfield code="c">1999</subfield>
		</datafield>
		<datafield tag="336" ind1=" " ind2=" ">
			<subfield code="a">text</subfield>
			<subfield code="b">txt</subfield>
			<subfield code="2">rdacontent</subfield>
			<subfield code="0">http://rdaregistry.info/termList/RDAContentType/1020</subfield>
		</datafield>
		<datafield tag="337" ind1=" " ind2=" ">
			<subfield code="a">unmediated</subfield>
			<subfield code="b">n</subfield>
			<subfield code="2">rdamedia</subfield>
			<subfield code="0">http://rdaregistry.info/termList/RDAMediaType/1007</subfield>
		</datafield>
		<datafield tag="338" ind1=" " ind2=" ">
			<subfield code="a">volume</subfield>
			<subfield code="b">nc</subfield>
			<subfield code="2">rdacarrier</subfield>
			<subfield code="0">http://rdaregistry.info/termList/RDACarrierType/1049</subfield>
		</datafield>
		 <datafield tag="380" ind1=" " ind2=" ">
      <subfield code="a">Novel</subfield>
      <subfield code="0">http://id.loc.gov/authorities/genreForms/gf2015026020</subfield>
      <subfield code="2">LCSH</subfield>
    </datafield>
		<datafield tag="440" ind1=" " ind2="0">
			<subfield code="a">Maktabat Nobel</subfield>
			<subfield code="v">1920</subfield>
		</datafield>
		<datafield tag="590" ind1=" " ind2=" ">
			<subfield code="a"> Hentet fra BIBSYS</subfield>
		</datafield>
		<datafield tag="700" ind1="1" ind2=" ">
			<subfield code="a">al-'Urabi, Mahmud Hasan</subfield>
			<subfield code="4">trl</subfield>
			<subfield code="i">Translator</subfield>
			<subfield code="0">http://www.wikidata.org/entity/Q63061405</subfield>
		</datafield>
	</record>