
	<record>
		<leader>00512nam a20002054500   </leader>
		<controlfield tag="001">215366</controlfield>
		<controlfield tag="008">130103 a 10fre</controlfield>
		<datafield tag="015" ind1=" " ind2=" ">
			<subfield code="a">1019228</subfield>
			<subfield code="b">BibliofilID</subfield>
		</datafield>
		<datafield tag="015" ind1=" " ind2=" ">
			<subfield code="a">40289</subfield>
		</datafield>
		<datafield tag="019" ind1=" " ind2=" ">
			<subfield code="b">l</subfield>
		</datafield>
		<datafield tag="020" ind1=" " ind2=" ">
			<subfield code="a">2-07-038825-5</subfield>
		</datafield>
		<datafield tag="082" ind1="3" ind2=" ">
			<subfield code="z">h</subfield>
		</datafield>
		<datafield tag="100" ind1=" " ind2="0">
			<subfield code="a">Hamsun, Knut</subfield>
			<subfield code="d">1859-1952</subfield>
			<subfield code="j">n.</subfield>
			<subfield code="0">http://viaf.org/viaf/59083692</subfield>
			<subfield code="4">aut</subfield>
		</datafield>
		<datafield tag="240" ind1="1" ind2="0">
			<subfield code="a">Benoni</subfield>
			<subfield code="l">French</subfield>
			<subfield code="0">http://viaf.org/viaf/4781155411330508940008</subfield>
		</datafield>
		<datafield tag="245" ind1="1" ind2="0">
			<subfield code="a">Benoni</subfield>
			<subfield code="c">Skrevet av Knut Hamsun. Oversatt av Régis Boyer</subfield>
		</datafield>
		<datafield tag="260" ind1=" " ind2=" ">
			<subfield code="a">[Paris]</subfield>
			<subfield code="b">Gallimard</subfield>
			<subfield code="c">[1994]</subfield>
		</datafield>
		<datafield tag="336" ind1=" " ind2=" ">
			<subfield code="a">text</subfield>
			<subfield code="b">txt</subfield>
			<subfield code="2">rdacontent</subfield>
			<subfield code="0">http://rdaregistry.info/termList/RDAContentType/1020</subfield>
		</datafield>
		<datafield tag="337" ind1=" " ind2=" ">
			<subfield code="a">unmediated</subfield>
			<subfield code="b">n</subfield>
			<subfield code="2">rdamedia</subfield>
			<subfield code="0">http://rdaregistry.info/termList/RDAMediaType/1007</subfield>
		</datafield>
		<datafield tag="338" ind1=" " ind2=" ">
			<subfield code="a">volume</subfield>
			<subfield code="b">nc</subfield>
			<subfield code="2">rdacarrier</subfield>
			<subfield code="0">http://rdaregistry.info/termList/RDACarrierType/1049</subfield>
		</datafield>
		<datafield tag="380" ind1=" " ind2=" ">
      			<subfield code="a">Novel</subfield>
      			<subfield code="0">http://id.loc.gov/authorities/genreForms/gf2015026020</subfield>
      			<subfield code="2">LCSH</subfield>
    		</datafield>
		<datafield tag="590" ind1=" " ind2=" ">
			<subfield code="a"> Hentet fra BIBSYS</subfield>
		</datafield>
		<datafield tag="700" ind1="1" ind2=" ">
			<subfield code="a">Boyer, Régis</subfield>
			<subfield code="d">1932-2017</subfield>
			<subfield code="4">trl</subfield>
			<subfield code="i">Translator</subfield>
			<subfield code="0">http://viaf.org/viaf/66602903</subfield>
		</datafield>
		<datafield tag="800" ind1="1" ind2=" ">
			<subfield code="a">Hamsun, Knut</subfield>
			<subfield code="t">Rosa</subfield>
			<subfield code="v">2</subfield>
			<subfield code="w">24599</subfield>
			<subfield code="0">http://viaf.org/viaf/1196155411321508940005</subfield>
			<subfield code="4">http://rdaregistry.info/Elements/w/datatype/sequelWork.en</subfield>
		</datafield>
	</record>