
	<record>
		<leader>00558nam a20002054500   </leader>
		<controlfield tag="001">102811</controlfield>
		<controlfield tag="008">020313 a a 10nob 2</controlfield>
		<datafield tag="015" ind1=" " ind2=" ">
			<subfield code="a">0127276</subfield>
		</datafield>
		<datafield tag="015" ind1=" " ind2=" ">
			<subfield code="a">754921</subfield>
			<subfield code="b">BibliofilID</subfield>
		</datafield>
		<datafield tag="019" ind1=" " ind2=" ">
			<subfield code="b">dc,di</subfield>
			<subfield code="d">R</subfield>
		</datafield>
		<datafield tag="020" ind1=" " ind2=" ">
			<subfield code="a">82-421-1105-7</subfield>
		</datafield>
		<datafield tag="100" ind1=" " ind2="0">
			<subfield code="a">Hamsun, Knut</subfield>
			<subfield code="d">1859-1952</subfield>
			<subfield code="j">n.</subfield>
			<subfield code="0">http://viaf.org/viaf/59083692</subfield>
			<subfield code="4">aut</subfield>
		</datafield>
		<datafield tag="240" ind1="1" ind2="0">
			<subfield code="a">Benoni</subfield>
			<subfield code="0">http://viaf.org/viaf/4781155411330508940008</subfield>
		</datafield>
		<datafield tag="245" ind1="1" ind2="0">
			<subfield code="a">Benoni</subfield>
			<subfield code="h">cd-lydbok</subfield>
			<subfield code="c">Knut Hamsun</subfield>
		</datafield>
		<datafield tag="260" ind1=" " ind2=" ">
			<subfield code="a">Oslo</subfield>
			<subfield code="b">Lydbokforl.</subfield>
			<subfield code="c">2002</subfield>
		</datafield>
		<datafield tag="300" ind1=" " ind2=" ">
			<subfield code="a">6 kompaktplater (7 t, 52 min)</subfield>
		</datafield>
		<datafield tag="336" ind1=" " ind2=" ">
			<subfield code="a">spoken word</subfield>
			<subfield code="b">spw</subfield>
			<subfield code="2">rdacontent</subfield>
			<subfield code="0">http://rdaregistry.info/termList/RDAContentType/1013</subfield>
		</datafield>
		<datafield tag="337" ind1=" " ind2=" ">
			<subfield code="a">audio</subfield>
			<subfield code="b">s</subfield>
			<subfield code="2">rdamedia</subfield>
			<subfield code="0">http://rdaregistry.info/termList/RDAMediaType/1001</subfield>
		</datafield>
		<datafield tag="338" ind1=" " ind2=" ">
			<subfield code="a">audio disc</subfield>
			<subfield code="b">sd</subfield>
			<subfield code="2">rdacarrier</subfield>
			<subfield code="0">http://rdaregistry.info/termList/RDACarrierType/1004</subfield>
		</datafield>
		<datafield tag="380" ind1=" " ind2=" ">
      			<subfield code="a">Novel</subfield>
      			<subfield code="0">http://id.loc.gov/authorities/genreForms/gf2015026020</subfield>
      			<subfield code="2">LCSH</subfield>
    		</datafield>
		<datafield tag="590" ind1=" " ind2=" ">
			<subfield code="a"> Hentet fra BIBSYS</subfield>
		</datafield>
		<datafield tag="700" ind1=" " ind2="0">
			<subfield code="a">Strømdahl, Wenche</subfield>
			<subfield code="j">n.</subfield>
			<subfield code="e">innl.</subfield>
			<subfield code="i">Narrator</subfield>
			<subfield code="4">nrt</subfield>
			<subfield code="0">http://viaf.org/viaf/556149296182580670003</subfield>
		</datafield>
		<datafield tag="785" ind1=" " ind2=" ">
			<subfield code="w">102833</subfield>
		</datafield>
		<datafield tag="800" ind1="1" ind2=" ">
			<subfield code="a">Hamsun, Knut</subfield>
			<subfield code="t">Rosa</subfield>
			<subfield code="v">2</subfield>
			<subfield code="w">24599</subfield>
			<subfield code="0">http://viaf.org/viaf/1196155411321508940005</subfield>
			<subfield code="4">http://rdaregistry.info/Elements/w/datatype/sequelWork.en</subfield>
		</datafield>
	</record>