
	<record>
		<leader>00449nam a20001574500   </leader>
		<controlfield tag="001">5961</controlfield>
		<controlfield tag="008">880421 no a 1 nob </controlfield>
		<datafield tag="015" ind1=" " ind2=" ">
			<subfield code="a">95081</subfield>
			<subfield code="b">BibliofilID</subfield>
		</datafield>
		<datafield tag="019" ind1=" " ind2=" ">
			<subfield code="b">l</subfield>
			<subfield code="d">R</subfield>
		</datafield>
		<datafield tag="020" ind1=" " ind2=" ">
			<subfield code="a">8205082510</subfield>
		</datafield>
		<datafield tag="100" ind1=" " ind2=" ">
			<subfield code="a">Hamsun, Knut</subfield>
			<subfield code="d">1859-1952</subfield>
			<subfield code="j">n.</subfield>
			<subfield code="0">http://viaf.org/viaf/59083692</subfield>
			<subfield code="4">aut</subfield>
		</datafield>
		<datafield tag="240" ind1="1" ind2="0">
			<subfield code="a">Benoni</subfield>
			<subfield code="0">http://viaf.org/viaf/4781155411330508940008</subfield>
		</datafield>
		<datafield tag="245" ind1="1" ind2="0">
			<subfield code="a">Benoni ; Rosa</subfield>
			<subfield code="c">Skrevet av Knut Hamsun. Med illustrasjoner av Karl Erik Harr</subfield>
		</datafield>
		<datafield tag="260" ind1=" " ind2=" ">
			<subfield code="a">[Oslo]</subfield>
			<subfield code="b">Gyldendal</subfield>
			<subfield code="c">[1975]</subfield>
		</datafield>
		<datafield tag="336" ind1=" " ind2=" ">
			<subfield code="a">text</subfield>
			<subfield code="b">txt</subfield>
			<subfield code="2">rdacontent</subfield>
			<subfield code="0">http://rdaregistry.info/termList/RDAContentType/1020</subfield>
		</datafield>
		<datafield tag="337" ind1=" " ind2=" ">
			<subfield code="a">unmediated</subfield>
			<subfield code="b">n</subfield>
			<subfield code="2">rdamedia</subfield>
			<subfield code="0">http://rdaregistry.info/termList/RDAMediaType/1007</subfield>
		</datafield>
		<datafield tag="338" ind1=" " ind2=" ">
			<subfield code="a">volume</subfield>
			<subfield code="b">nc</subfield>
			<subfield code="2">rdacarrier</subfield>
			<subfield code="0">http://rdaregistry.info/termList/RDACarrierType/1049</subfield>
		</datafield>
		<datafield tag="380" ind1=" " ind2=" ">
      			<subfield code="a">Novel</subfield>
      			<subfield code="0">http://id.loc.gov/authorities/genreForms/gf2015026020</subfield>
      			<subfield code="2">LCSH</subfield>
    		</datafield>
		<datafield tag="590" ind1=" " ind2=" ">
			<subfield code="a"> Hentet fra BIBSYS</subfield>
		</datafield>
		<datafield tag="700" ind1=" " ind2="0">
			<subfield code="a">Harr, Karl Erik</subfield>
			<subfield code="d">1940-</subfield>
			<subfield code="j">n.</subfield>
			<subfield code="e">illustr.</subfield>
			<subfield code="i">Illustratør</subfield>
			<subfield code="4">ill</subfield>
			<subfield code="0">http://viaf.org/viaf/14863655</subfield>
		</datafield>
		<datafield tag="700" ind1="1" ind2="2">
			<subfield code="a">Hamsun, Knut</subfield>
			<subfield code="t">Rosa</subfield>
			<subfield code="0">http://viaf.org/viaf/1196155411321508940005</subfield>
		</datafield>
		<datafield tag="800" ind1="1" ind2=" ">
			<subfield code="a">Hamsun, Knut</subfield>
			<subfield code="t">Rosa</subfield>
			<subfield code="v">2</subfield>
			<subfield code="w">24599</subfield>
			<subfield code="0">http://viaf.org/viaf/1196155411321508940005</subfield>
			<subfield code="4">http://rdaregistry.info/Elements/w/datatype/sequelWork.en</subfield>
		</datafield>
	</record>