
	<record>
		<leader>01198caa a22003497ar4500</leader>
		<controlfield tag="001">9226335</controlfield>
		<controlfield tag="003">LIBRIS</controlfield>
		<controlfield tag="005">20061207111052.0</controlfield>
		<controlfield tag="008">031216s1992    xx ||||      |||| ||swe d</controlfield>
		<datafield tag="035" ind1=" " ind2=" ">
			<subfield code="a">(KVIN)211659</subfield>
		</datafield>
		<datafield tag="035" ind1=" " ind2=" ">
			<subfield code="5">KVIN</subfield>
			<subfield code="a">(KVIN)211659</subfield>
		</datafield>
		<datafield tag="040" ind1=" " ind2=" ">
			<subfield code="a">G</subfield>
		</datafield>
		<datafield tag="042" ind1=" " ind2=" ">
			<subfield code="9">KVIN</subfield>
		</datafield>
		<datafield tag="072" ind1=" " ind2="7">
			<subfield code="5">KVIN</subfield>
			<subfield code="a">litt</subfield>
		</datafield>
		<datafield tag="100" ind1="1" ind2=" ">
			<subfield code="a">Fontander, Björn</subfield>
			<subfield code="d">1930-</subfield>
			<subfield code="0">http://viaf.org/viaf/36982594</subfield>
			<subfield code="4">aut</subfield>
		</datafield>
		<datafield tag="240" ind1="1" ind2="0">
			<subfield code="a">Hamsun, Undset och kriget</subfield>
			<subfield code="0">http://www.worldcat.org/oclc/727889074</subfield>
		</datafield>
		<datafield tag="245" ind1="0" ind2="0">
			<subfield code="a">Hamsun, Undset och kriget</subfield>
			<subfield code="c">Skrevet av Björn Fontander</subfield>
		</datafield>
		<datafield tag="336" ind1=" " ind2=" ">
			<subfield code="a">text</subfield>
			<subfield code="b">txt</subfield>
			<subfield code="2">rdacontent</subfield>
			<subfield code="0">http://rdaregistry.info/termList/RDAContentType/1020</subfield>
		</datafield>
		<datafield tag="337" ind1=" " ind2=" ">
			<subfield code="a">unmediated</subfield>
			<subfield code="b">n</subfield>
			<subfield code="2">rdamedia</subfield>
			<subfield code="0">http://rdaregistry.info/termList/RDAMediaType/1007</subfield>
		</datafield>
		<datafield tag="338" ind1=" " ind2=" ">
			<subfield code="a">volume</subfield>
			<subfield code="b">nc</subfield>
			<subfield code="2">rdacarrier</subfield>
			<subfield code="0">http://rdaregistry.info/termList/RDACarrierType/1049</subfield>
		</datafield>
		<datafield tag="590" ind1=" " ind2=" ">
			<subfield code="a"> Hentet fra Libris</subfield>
		</datafield>
		<datafield tag="600" ind1="1" ind2="4">
			<subfield code="a">Undset, Sigrid,</subfield>
			<subfield code="d">1882-1949</subfield>
			<subfield code="0">http://viaf.org/viaf/73860916</subfield>
		</datafield>
		<datafield tag="600" ind1="1" ind2="4">
			<subfield code="a">Hamsun, Knut</subfield>
			<subfield code="d">1859-1952</subfield>
			<subfield code="0">http://viaf.org/viaf/59083692</subfield>
		</datafield>
		<datafield tag="650" ind1=" " ind2="7">
			<subfield code="a">Andra världskriget</subfield>
			<subfield code="2">kao</subfield>
		</datafield>
		<datafield tag="650" ind1=" " ind2="7">
			<subfield code="a">Nazisme</subfield>
			<subfield code="2">kao</subfield>
		</datafield>
		<datafield tag="650" ind1=" " ind2="7">
			<subfield code="a">Undset, Sigrid</subfield>
			<subfield code="0">http://viaf.org/viaf/73860916</subfield>
		</datafield>
		<datafield tag="650" ind1=" " ind2="7">
			<subfield code="a">Hamsun, Knut</subfield>
			<subfield code="0">http://viaf.org/viaf/59083692</subfield>
		</datafield>
		<datafield tag="650" ind1=" " ind2="7">
			<subfield code="a">Andre verdenskrig</subfield>
		</datafield>
		<datafield tag="650" ind1=" " ind2="7">
			<subfield code="a">Nazisme</subfield>
		</datafield>
		<datafield tag="773" ind1="0" ind2=" ">
			<subfield code="t">Hamsun og Norden</subfield>
			<subfield code="d">Hamarøy : Hamsun-selskapet, 1992</subfield>
			<subfield code="g">S. 69-89</subfield>
		</datafield>
		<datafield tag="900" ind1="1" ind2="s">
			<subfield code="6">600</subfield>
			<subfield code="a">Gamsun, Knut,</subfield>
			<subfield code="d">1859-1952</subfield>
			<subfield code="u">Hamsun, Knut</subfield>
			<subfield code="d">1859-1952</subfield>
		</datafield>
		<datafield tag="900" ind1="1" ind2="k">
			<subfield code="6">600</subfield>
			<subfield code="a">Thode, Knut,</subfield>
			<subfield code="d">1859-1952</subfield>
			<subfield code="u">Hamsun, Knut</subfield>
			<subfield code="d">1859-1952</subfield>
		</datafield>
		<datafield tag="900" ind1="1" ind2="s">
			<subfield code="6">600</subfield>
			<subfield code="a">Pedersen, Knut,</subfield>
			<subfield code="d">1859-1952</subfield>
			<subfield code="u">Hamsun, Knut</subfield>
			<subfield code="d">1859-1952</subfield>
		</datafield>
		<datafield tag="900" ind1="1" ind2="s">
			<subfield code="6">600</subfield>
			<subfield code="a">, ,</subfield>
			<subfield code="d">1859-1952</subfield>
			<subfield code="u">Hamsun, Knut</subfield>
			<subfield code="d">1859-1952</subfield>
		</datafield>
		<datafield tag="900" ind1="1" ind2="s">
			<subfield code="6">600</subfield>
			<subfield code="a"> </subfield>
			<subfield code="d">1859-1952</subfield>
			<subfield code="u">Hamsun, Knut</subfield>
			<subfield code="d">1859-1952</subfield>
		</datafield>
		<datafield tag="900" ind1="1" ind2="s">
			<subfield code="6">600</subfield>
			<subfield code="a">Hamsun, Kinut</subfield>
			<subfield code="d">1859-1952</subfield>
			<subfield code="u">Hamsun, Knut</subfield>
			<subfield code="d">1859-1952</subfield>
		</datafield>
	</record>