
	<record>
		<leader>01803pam a22003977a 4500</leader>
		<controlfield tag="001">8999559</controlfield>
		<controlfield tag="003">LIBRIS</controlfield>
		<controlfield tag="005">20180219125311.0</controlfield>
		<controlfield tag="008">030709s2003    mouab    b    000 0deng c</controlfield>
		<datafield tag="010" ind1=" " ind2=" ">
			<subfield code="a">2002155800</subfield>
		</datafield>
		<datafield tag="020" ind1=" " ind2=" ">
			<subfield code="a">0-8262-1456-8 (alk. paper)</subfield>
		</datafield>
		<datafield tag="035" ind1=" " ind2=" ">
			<subfield code="a">(DLC)  2002155800</subfield>
		</datafield>
		<datafield tag="040" ind1=" " ind2=" ">
			<subfield code="a">DLC</subfield>
			<subfield code="c">DLC</subfield>
			<subfield code="d">DLC</subfield>
			<subfield code="d">Nob</subfield>
		</datafield>
		<datafield tag="041" ind1="1" ind2=" ">
			<subfield code="a">eng</subfield>
			<subfield code="h">nor</subfield>
		</datafield>
		<datafield tag="042" ind1=" " ind2=" ">
			<subfield code="a">pcc</subfield>
		</datafield>
		<datafield tag="043" ind1=" " ind2=" ">
			<subfield code="a">n-us---</subfield>
		</datafield>
		<datafield tag="050" ind1="0" ind2="0">
			<subfield code="a">PT8950.H3</subfield>
			<subfield code="b">K59 2003</subfield>
		</datafield>
		<datafield tag="084" ind1=" " ind2=" ">
			<subfield code="a">Hdb.04=e</subfield>
			<subfield code="2">kssb/8</subfield>
		</datafield>
		<datafield tag="084" ind1=" " ind2=" ">
			<subfield code="a">Hdb.016=e</subfield>
			<subfield code="2">kssb/8</subfield>
		</datafield>
		<datafield tag="100" ind1="1" ind2=" ">
			<subfield code="a">Hamsun, Knut</subfield>
			<subfield code="d">1859-1952</subfield>
			<subfield code="0">http://viaf.org/viaf/59083692</subfield>
			<subfield code="4">aut</subfield>
		</datafield>
		<datafield tag="240" ind1="1" ind2="0">
			<subfield code="a">Selections</subfield>
			<subfield code="l">English</subfield>
			<subfield code="f">2003</subfield>
			<subfield code="0">http://www.worldcat.org/oclc/474580215</subfield>
		</datafield>
		<datafield tag="245" ind1="1" ind2="0">
			<subfield code="a">Knut Hamsun remembers America</subfield>
			<subfield code="b">Essays and stories, 1885-1949 /</subfield>
			<subfield code="c">Translated and edited by Richard Nelson Current</subfield>
		</datafield>
		<datafield tag="260" ind1=" " ind2=" ">
			<subfield code="a">Columbia, Mo. :</subfield>
			<subfield code="b">University of Missouri Press,</subfield>
			<subfield code="c">2003</subfield>
		</datafield>
		<datafield tag="336" ind1=" " ind2=" ">
			<subfield code="a">text</subfield>
			<subfield code="b">txt</subfield>
			<subfield code="2">rdacontent</subfield>
			<subfield code="0">http://rdaregistry.info/termList/RDAContentType/1020</subfield>
		</datafield>
		<datafield tag="337" ind1=" " ind2=" ">
			<subfield code="a">unmediated</subfield>
			<subfield code="b">n</subfield>
			<subfield code="2">rdamedia</subfield>
			<subfield code="0">http://rdaregistry.info/termList/RDAMediaType/1007</subfield>
		</datafield>
		<datafield tag="338" ind1=" " ind2=" ">
			<subfield code="a">volume</subfield>
			<subfield code="b">nc</subfield>
			<subfield code="2">rdacarrier</subfield>
			<subfield code="0">http://rdaregistry.info/termList/RDACarrierType/1049</subfield>
		</datafield>
		<datafield tag="590" ind1=" " ind2=" ">
			<subfield code="a"> Hentet fra Libris</subfield>
		</datafield>
		<datafield tag="600" ind1="1" ind2="7">
			<subfield code="a">Hamsun, Knut</subfield>
			<subfield code="d">1859-1952</subfield>
			<subfield code="z">USA</subfield>
			<subfield code="2">sao</subfield>
			<subfield code="0">http://viaf.org/viaf/59083692</subfield>
		</datafield>
		<datafield tag="650" ind1=" " ind2="7">
			<subfield code="a">Reiser</subfield>
		</datafield>
		<datafield tag="700" ind1="1" ind2=" ">
			<subfield code="a">Current, Richard Nelson</subfield>
			<subfield code="d">1912-2012</subfield>
			<subfield code="4">trl</subfield>
			<subfield code="4">edt</subfield>
			<subfield code="i">Translator and editor</subfield>
			<subfield code="0">http://viaf.org/viaf/19708637</subfield>
		</datafield>
		<datafield tag="900" ind1="1" ind2="s">
			<subfield code="6">100,600</subfield>
			<subfield code="a">Gamsun, Knut,</subfield>
			<subfield code="d">1859-1952</subfield>
			<subfield code="u">Hamsun, Knut</subfield>
			<subfield code="d">1859-1952</subfield>
		</datafield>
		<datafield tag="900" ind1="1" ind2="k">
			<subfield code="6">100,600</subfield>
			<subfield code="a">Thode, Knut,</subfield>
			<subfield code="d">1859-1952</subfield>
			<subfield code="u">Hamsun, Knut</subfield>
			<subfield code="d">1859-1952</subfield>
		</datafield>
		<datafield tag="900" ind1="1" ind2="s">
			<subfield code="6">100,600</subfield>
			<subfield code="a">Pedersen, Knut,</subfield>
			<subfield code="d">1859-1952</subfield>
			<subfield code="u">Hamsun, Knut</subfield>
			<subfield code="d">1859-1952</subfield>
		</datafield>
		<datafield tag="900" ind1="1" ind2="s">
			<subfield code="6">100,600</subfield>
			<subfield code="a">, ,</subfield>
			<subfield code="d">1859-1952</subfield>
			<subfield code="u">Hamsun, Knut</subfield>
			<subfield code="d">1859-1952</subfield>
		</datafield>
		<datafield tag="900" ind1="1" ind2="s">
			<subfield code="6">100,600</subfield>
			<subfield code="a"> </subfield>
			<subfield code="d">1859-1952</subfield>
			<subfield code="u">Hamsun, Knut</subfield>
			<subfield code="d">1859-1952</subfield>
		</datafield>
		<datafield tag="900" ind1="1" ind2="s">
			<subfield code="6">100,600</subfield>
			<subfield code="a">Hamsun, Kinut</subfield>
			<subfield code="d">1859-1952</subfield>
			<subfield code="u">Hamsun, Knut</subfield>
			<subfield code="d">1859-1952</subfield>
		</datafield>
	</record>