
	<record>
		<leader>01382cam a22003617a 4500</leader>
		<controlfield tag="001">8890874</controlfield>
		<controlfield tag="003">LIBRIS</controlfield>
		<controlfield tag="005">20171030101432.0</controlfield>
		<controlfield tag="008">030428s2003    no |          00| 0bnor c</controlfield>
		<datafield tag="020" ind1=" " ind2=" ">
			<subfield code="a">82-05-31175-7 (inb.)</subfield>
		</datafield>
		<datafield tag="040" ind1=" " ind2=" ">
			<subfield code="a">S</subfield>
		</datafield>
		<datafield tag="100" ind1="1" ind2=" ">
			<subfield code="a">Dingstad, Ståle</subfield>
			<subfield code="d">1965-</subfield>
			<subfield code="0">http://viaf.org/viaf/270691015</subfield>
			<subfield code="4">aut</subfield>
		</datafield>
		<datafield tag="240" ind1="1" ind2="0">
			<subfield code="a">Hamsuns strategier : realisme, humor og kynisme</subfield>
			<subfield code="0">http://www.worldcat.org/oclc/1028411426</subfield>
		</datafield>
		<datafield tag="245" ind1="0" ind2="0">
			<subfield code="a">Hamsuns strategier :</subfield>
			<subfield code="b">realisme, humor og kynisme</subfield>
			<subfield code="c">Skrevet av Ståle Dingstad</subfield>
		</datafield>
		<datafield tag="260" ind1=" " ind2=" ">
			<subfield code="a">Oslo :</subfield>
			<subfield code="b">Gyldendal,</subfield>
			<subfield code="c">2003</subfield>
		</datafield>
		<datafield tag="336" ind1=" " ind2=" ">
			<subfield code="a">text</subfield>
			<subfield code="b">txt</subfield>
			<subfield code="2">rdacontent</subfield>
			<subfield code="0">http://rdaregistry.info/termList/RDAContentType/1020</subfield>
		</datafield>
		<datafield tag="337" ind1=" " ind2=" ">
			<subfield code="a">unmediated</subfield>
			<subfield code="b">n</subfield>
			<subfield code="2">rdamedia</subfield>
			<subfield code="0">http://rdaregistry.info/termList/RDAMediaType/1007</subfield>
		</datafield>
		<datafield tag="338" ind1=" " ind2=" ">
			<subfield code="a">volume</subfield>
			<subfield code="b">nc</subfield>
			<subfield code="2">rdacarrier</subfield>
			<subfield code="0">http://rdaregistry.info/termList/RDACarrierType/1049</subfield>
		</datafield>
		<datafield tag="490" ind1="0" ind2=" ">
			<subfield code="a">Pegasus-serien</subfield>
		</datafield>
		<datafield tag="590" ind1=" " ind2=" ">
			<subfield code="a"> Hentet fra Libris</subfield>
		</datafield>
		<datafield tag="600" ind1="1" ind2="4">
			<subfield code="a">Hamsun, Knut</subfield>
			<subfield code="d">1859-1952</subfield>
			<subfield code="0">http://viaf.org/viaf/59083692</subfield>
		</datafield>
		<datafield tag="650" ind1=" " ind2="7">
			<subfield code="a">Norske forfattere</subfield>
			<subfield code="y">1900-tallet</subfield>
			<subfield code="2">sao</subfield>
		</datafield>
		<datafield tag="655" ind1=" " ind2="7">
			<subfield code="a">Analyse og tolkning</subfield>
			<subfield code="2">saogf</subfield>
			<subfield code="0">353616</subfield>
		</datafield>
		<datafield tag="655" ind1=" " ind2="7">
			<subfield code="a">Biografi</subfield>
			<subfield code="2">saogf</subfield>
			<subfield code="0">352932</subfield>
		</datafield>
		<datafield tag="900" ind1="1" ind2="s">
			<subfield code="6">600</subfield>
			<subfield code="a">Gamsun, Knut,</subfield>
			<subfield code="d">1859-1952</subfield>
			<subfield code="u">Hamsun, Knut</subfield>
			<subfield code="d">1859-1952</subfield>
		</datafield>
		<datafield tag="900" ind1="1" ind2="k">
			<subfield code="6">600</subfield>
			<subfield code="a">Thode, Knut,</subfield>
			<subfield code="d">1859-1952</subfield>
			<subfield code="u">Hamsun, Knut</subfield>
			<subfield code="d">1859-1952</subfield>
		</datafield>
		<datafield tag="900" ind1="1" ind2="s">
			<subfield code="6">600</subfield>
			<subfield code="a">Pedersen, Knut,</subfield>
			<subfield code="d">1859-1952</subfield>
			<subfield code="u">Hamsun, Knut</subfield>
			<subfield code="d">1859-1952</subfield>
		</datafield>
		<datafield tag="900" ind1="1" ind2="s">
			<subfield code="6">600</subfield>
			<subfield code="a">, ,</subfield>
			<subfield code="d">1859-1952</subfield>
			<subfield code="u">Hamsun, Knut</subfield>
			<subfield code="d">1859-1952</subfield>
		</datafield>
		<datafield tag="900" ind1="1" ind2="s">
			<subfield code="6">600</subfield>
			<subfield code="a"> </subfield>
			<subfield code="d">1859-1952</subfield>
			<subfield code="u">Hamsun, Knut</subfield>
			<subfield code="d">1859-1952</subfield>
		</datafield>
		<datafield tag="900" ind1="1" ind2="s">
			<subfield code="6">600</subfield>
			<subfield code="a">Hamsun, Kinut</subfield>
			<subfield code="d">1859-1952</subfield>
			<subfield code="u">Hamsun, Knut</subfield>
			<subfield code="d">1859-1952</subfield>
		</datafield>
	</record>