
	<record>
		<leader>01740cam a22004937a 4500</leader>
		<controlfield tag="001">8663829</controlfield>
		<controlfield tag="003">LIBRIS</controlfield>
		<controlfield tag="005">20080122154400.0</controlfield>
		<controlfield tag="008">020925s1956    no ||||      |00| ||nor c</controlfield>
		<datafield tag="035" ind1=" " ind2=" ">
			<subfield code="5">Mo</subfield>
			<subfield code="a">(Mo)b1168957</subfield>
		</datafield>
		<datafield tag="035" ind1=" " ind2=" ">
			<subfield code="5">S</subfield>
			<subfield code="a">KBKATALOG1956SPI (527030)</subfield>
		</datafield>
		<datafield tag="040" ind1=" " ind2=" ">
			<subfield code="a">H</subfield>
		</datafield>
		<datafield tag="100" ind1="1" ind2=" ">
			<subfield code="a">Hamsun, Knut</subfield>
			<subfield code="d">1859-1952</subfield>
			<subfield code="0">http://viaf.org/viaf/59083692</subfield>
			<subfield code="4">aut</subfield>
		</datafield>
		<datafield tag="240" ind1="1" ind2="0">
			<subfield code="a">Knut Hamsun som han var</subfield>
			<subfield code="0">http://www.worldcat.org/oclc/61075462</subfield>
		</datafield>
		<datafield tag="245" ind1="1" ind2="0">
			<subfield code="a">Knut Hamsun som han var</subfield>
			<subfield code="b">Et utvalg av hans brev</subfield>
			<subfield code="c">Redigert av Tore Hamsun</subfield>
		</datafield>
		<datafield tag="260" ind1=" " ind2=" ">
			<subfield code="a">Oslo :</subfield>
			<subfield code="b">Gyldendal,</subfield>
			<subfield code="c">1956</subfield>
		</datafield>
		<datafield tag="336" ind1=" " ind2=" ">
			<subfield code="a">text</subfield>
			<subfield code="b">txt</subfield>
			<subfield code="2">rdacontent</subfield>
			<subfield code="0">http://rdaregistry.info/termList/RDAContentType/1020</subfield>
		</datafield>
		<datafield tag="337" ind1=" " ind2=" ">
			<subfield code="a">unmediated</subfield>
			<subfield code="b">n</subfield>
			<subfield code="2">rdamedia</subfield>
			<subfield code="0">http://rdaregistry.info/termList/RDAMediaType/1007</subfield>
		</datafield>
		<datafield tag="338" ind1=" " ind2=" ">
			<subfield code="a">volume</subfield>
			<subfield code="b">nc</subfield>
			<subfield code="2">rdacarrier</subfield>
			<subfield code="0">http://rdaregistry.info/termList/RDACarrierType/1049</subfield>
		</datafield>
		<datafield tag="590" ind1=" " ind2=" ">
			<subfield code="a"> Hentet fra Libris</subfield>
		</datafield>
		<datafield tag="600" ind1="1" ind2="4">
			<subfield code="a">Hamsun, Knut</subfield>
			<subfield code="d">1859-1952</subfield>
			<subfield code="0">http://viaf.org/viaf/59083692</subfield>
		</datafield>
		<datafield tag="611" ind1="2" ind2="4">
			<subfield code="5">S</subfield>
			<subfield code="a">kbretro</subfield>
		</datafield>
		<datafield tag="653" ind1="0" ind2="0">
			<subfield code="5">Mo</subfield>
			<subfield code="a">Norsk litteraturhistorie</subfield>
		</datafield>
		<datafield tag="653" ind1="0" ind2="0">
			<subfield code="5">Mo</subfield>
			<subfield code="a">Nordisk litteraturhistorie</subfield>
		</datafield>
		<datafield tag="655" ind1=" " ind2="4">
			<subfield code="5">Mo</subfield>
			<subfield code="a">Bok</subfield>
		</datafield>
		<datafield tag="698" ind1=" " ind2=" ">
			<subfield code="5">Mo</subfield>
			<subfield code="b">Litteraturhistorie</subfield>
		</datafield>
		<datafield tag="698" ind1=" " ind2=" ">
			<subfield code="5">Mo</subfield>
			<subfield code="b">Litteraturvitenskap</subfield>
		</datafield>
		<datafield tag="698" ind1=" " ind2=" ">
			<subfield code="5">Mo</subfield>
			<subfield code="b">1900-tallet</subfield>
		</datafield>
		<datafield tag="698" ind1=" " ind2=" ">
			<subfield code="5">Mo</subfield>
			<subfield code="b">Futurismen</subfield>
		</datafield>
		<datafield tag="700" ind1="1" ind2=" ">
			<subfield code="a">Hamsun, Tore</subfield>
			<subfield code="4">edt</subfield>
			<subfield code="i">Redaktør</subfield>
			<subfield code="0">http://viaf.org/viaf/61595218</subfield>
		</datafield>
		<datafield tag="841" ind1=" " ind2=" ">
			<subfield code="5">H</subfield>
			<subfield code="a">xr a</subfield>
			<subfield code="b">020925||    |||||001|||  |000000</subfield>
			<subfield code="e">1</subfield>
		</datafield>
		<datafield tag="841" ind1=" " ind2=" ">
			<subfield code="5">Mo</subfield>
			<subfield code="a">x  a</subfield>
			<subfield code="b">090810||0000|||||001||||||000000</subfield>
			<subfield code="e">1</subfield>
		</datafield>
		<datafield tag="841" ind1=" " ind2=" ">
			<subfield code="5">S</subfield>
			<subfield code="a">x  a</subfield>
			<subfield code="b">060116||0000|||||001||||||000000</subfield>
			<subfield code="e">1</subfield>
		</datafield>
		<datafield tag="852" ind1="8" ind2=" ">
			<subfield code="5">H</subfield>
			<subfield code="b">H</subfield>
		</datafield>
		<datafield tag="852" ind1=" " ind2=" ">
			<subfield code="5">Mo</subfield>
			<subfield code="b">Mo</subfield>
			<subfield code="h">Gz Hamsun, Knut</subfield>
		</datafield>
		<datafield tag="852" ind1=" " ind2=" ">
			<subfield code="5">S</subfield>
			<subfield code="b">S</subfield>
			<subfield code="h">56</subfield>
			<subfield code="j">781</subfield>
		</datafield>
		<datafield tag="900" ind1="1" ind2="s">
			<subfield code="6">100</subfield>
			<subfield code="a">Gamsun, Knut,</subfield>
			<subfield code="d">1859-1952</subfield>
			<subfield code="u">Hamsun, Knut</subfield>
			<subfield code="d">1859-1952</subfield>
		</datafield>
		<datafield tag="900" ind1="1" ind2="k">
			<subfield code="6">100</subfield>
			<subfield code="a">Thode, Knut,</subfield>
			<subfield code="d">1859-1952</subfield>
			<subfield code="u">Hamsun, Knut</subfield>
			<subfield code="d">1859-1952</subfield>
		</datafield>
		<datafield tag="900" ind1="1" ind2="s">
			<subfield code="6">100</subfield>
			<subfield code="a">Pedersen, Knut,</subfield>
			<subfield code="d">1859-1952</subfield>
			<subfield code="u">Hamsun, Knut</subfield>
			<subfield code="d">1859-1952</subfield>
		</datafield>
		<datafield tag="900" ind1="1" ind2="s">
			<subfield code="6">100</subfield>
			<subfield code="a">, ,</subfield>
			<subfield code="d">1859-1952</subfield>
			<subfield code="u">Hamsun, Knut</subfield>
			<subfield code="d">1859-1952</subfield>
		</datafield>
		<datafield tag="900" ind1="1" ind2="s">
			<subfield code="6">100</subfield>
			<subfield code="a"> </subfield>
			<subfield code="d">1859-1952</subfield>
			<subfield code="u">Hamsun, Knut</subfield>
			<subfield code="d">1859-1952</subfield>
		</datafield>
		<datafield tag="900" ind1="1" ind2="s">
			<subfield code="6">100</subfield>
			<subfield code="a">Hamsun, Kinut</subfield>
			<subfield code="d">1859-1952</subfield>
			<subfield code="u">Hamsun, Knut</subfield>
			<subfield code="d">1859-1952</subfield>
		</datafield>
	</record>