
	<record>
		<leader>01354cam a22003377a 4500</leader>
		<controlfield tag="001">8529059</controlfield>
		<controlfield tag="003">LIBRIS</controlfield>
		<controlfield tag="005">20041019170109.0</controlfield>
		<controlfield tag="008">020805s1996    no            000 0 ger c</controlfield>
		<datafield tag="040" ind1=" " ind2=" ">
			<subfield code="a">Sfi</subfield>
		</datafield>
		<datafield tag="041" ind1="1" ind2=" ">
			<subfield code="a">ger</subfield>
			<subfield code="h">eng</subfield>
		</datafield>
		<datafield tag="240" ind1="1" ind2="0">
			<subfield code="a">Knut Hamsun</subfield>
			<subfield code="0">http://www.worldcat.org/oclc/761261813</subfield>
		</datafield>
		<datafield tag="245" ind1="0" ind2="0">
			<subfield code="a">Knut Hamsun :</subfield>
			<subfield code="b">eine Filmographie</subfield>
			<subfield code="c">Redakteure: Sidsel Kraakenes and Trond Olav Svendsen ; Beiträge: Øystein Rottem and Trond Olav Svendsen; Herausgeber: Jan Erik Holst</subfield>
		</datafield>
		<datafield tag="260" ind1=" " ind2=" ">
			<subfield code="a">Oslo :</subfield>
			<subfield code="b">Das Norwegische Filminstitut,</subfield>
			<subfield code="c">cop. 1996</subfield>
		</datafield>
		<datafield tag="336" ind1=" " ind2=" ">
			<subfield code="a">text</subfield>
			<subfield code="b">txt</subfield>
			<subfield code="2">rdacontent</subfield>
			<subfield code="0">http://rdaregistry.info/termList/RDAContentType/1020</subfield>
		</datafield>
		<datafield tag="337" ind1=" " ind2=" ">
			<subfield code="a">unmediated</subfield>
			<subfield code="b">n</subfield>
			<subfield code="2">rdamedia</subfield>
			<subfield code="0">http://rdaregistry.info/termList/RDAMediaType/1007</subfield>
		</datafield>
		<datafield tag="338" ind1=" " ind2=" ">
			<subfield code="a">volume</subfield>
			<subfield code="b">nc</subfield>
			<subfield code="2">rdacarrier</subfield>
			<subfield code="0">http://rdaregistry.info/termList/RDACarrierType/1049</subfield>
		</datafield>
		<datafield tag="590" ind1=" " ind2=" ">
			<subfield code="a"> Hentet fra Libris</subfield>
		</datafield>
		<datafield tag="600" ind1="1" ind2="4">
			<subfield code="a">Hamsun, Knut</subfield>
			<subfield code="d">1859-1952</subfield>
			<subfield code="0">http://viaf.org/viaf/59083692</subfield>
		</datafield>
		<datafield tag="700" ind1="1" ind2=" ">
			<subfield code="a">Holst, Jan Erik</subfield>
			<subfield code="4">pbl</subfield>
			<subfield code="i">Utgiver</subfield>
			<subfield code="0">http://viaf.org/viaf/41127215</subfield>
		</datafield>
		<datafield tag="700" ind1="1" ind2=" ">
			<subfield code="a">Kraakenes, Sidsel</subfield>
			<subfield code="i">Redaktør</subfield>
			<subfield code="4">edt</subfield>
			<subfield code="0">http://viaf.org/viaf/212191522</subfield>
		</datafield>
		<datafield tag="700" ind1="1" ind2=" ">
			<subfield code="a">Svendsen, Trond Olav</subfield>
			<subfield code="i">Redaktør</subfield>
			<subfield code="4">edt</subfield>
			<subfield code="0">http://viaf.org/viaf/304923127</subfield>
		</datafield>
		<datafield tag="700" ind1="1" ind2=" ">
			<subfield code="a">Rottem, Øystein</subfield>
			<subfield code="4">oth</subfield>
			<subfield code="0">http://viaf.org/viaf/54190339</subfield>
		</datafield>
		<datafield tag="841" ind1=" " ind2=" ">
			<subfield code="5">Sfi</subfield>
			<subfield code="a">x  a</subfield>
			<subfield code="b">0208054u    8   1001uu   0901128</subfield>
			<subfield code="e">4</subfield>
		</datafield>
		<datafield tag="852" ind1="8" ind2=" ">
			<subfield code="5">Sfi</subfield>
			<subfield code="b">Sfi</subfield>
			<subfield code="c">B4F</subfield>
			<subfield code="l">KNUT</subfield>
			<subfield code="t">B</subfield>
		</datafield>
		<datafield tag="900" ind1="1" ind2="s">
			<subfield code="6">600</subfield>
			<subfield code="a">Gamsun, Knut,</subfield>
			<subfield code="d">1859-1952</subfield>
			<subfield code="u">Hamsun, Knut</subfield>
			<subfield code="d">1859-1952</subfield>
		</datafield>
		<datafield tag="900" ind1="1" ind2="k">
			<subfield code="6">600</subfield>
			<subfield code="a">Thode, Knut,</subfield>
			<subfield code="d">1859-1952</subfield>
			<subfield code="u">Hamsun, Knut</subfield>
			<subfield code="d">1859-1952</subfield>
		</datafield>
		<datafield tag="900" ind1="1" ind2="s">
			<subfield code="6">600</subfield>
			<subfield code="a">Pedersen, Knut,</subfield>
			<subfield code="d">1859-1952</subfield>
			<subfield code="u">Hamsun, Knut</subfield>
			<subfield code="d">1859-1952</subfield>
		</datafield>
		<datafield tag="900" ind1="1" ind2="s">
			<subfield code="6">600</subfield>
			<subfield code="a">, ,</subfield>
			<subfield code="d">1859-1952</subfield>
			<subfield code="u">Hamsun, Knut</subfield>
			<subfield code="d">1859-1952</subfield>
		</datafield>
		<datafield tag="900" ind1="1" ind2="s">
			<subfield code="6">600</subfield>
			<subfield code="a"> </subfield>
			<subfield code="d">1859-1952</subfield>
			<subfield code="u">Hamsun, Knut</subfield>
			<subfield code="d">1859-1952</subfield>
		</datafield>
		<datafield tag="900" ind1="1" ind2="s">
			<subfield code="6">600</subfield>
			<subfield code="a">Hamsun, Kinut</subfield>
			<subfield code="d">1859-1952</subfield>
			<subfield code="u">Hamsun, Knut</subfield>
			<subfield code="d">1859-1952</subfield>
		</datafield>
	</record>