
	<record>
		<leader>02270cam a22006377  4500</leader>
		<controlfield tag="001">8225576</controlfield>
		<controlfield tag="003">LIBRIS</controlfield>
		<controlfield tag="005">20040811170202.0</controlfield>
		<controlfield tag="008">020113m19942001no            000 0anor c</controlfield>
		<datafield tag="035" ind1=" " ind2=" ">
			<subfield code="9">9919924903</subfield>
		</datafield>
		<datafield tag="040" ind1=" " ind2=" ">
			<subfield code="a">L</subfield>
		</datafield>
		<datafield tag="100" ind1="1" ind2=" ">
			<subfield code="a">Hamsun, Knut</subfield>
			<subfield code="d">1859-1952</subfield>
			<subfield code="0">http://viaf.org/viaf/59083692</subfield>
			<subfield code="4">aut</subfield>
		</datafield>
		<datafield tag="240" ind1="1" ind2="0">
			<subfield code="a">Knut Hamsuns brev</subfield>
			<subfield code="0">http://www.worldcat.org/oclc/31649803</subfield>
		</datafield>
		<datafield tag="245" ind1="0" ind2="0">
			<subfield code="a">Knut Hamsuns brev</subfield>
			<subfield code="c">utgitt av Harald S. Næss</subfield>
		</datafield>
		<datafield tag="260" ind1=" " ind2=" ">
			<subfield code="a">Oslo :</subfield>
			<subfield code="b">Gyldendal,</subfield>
			<subfield code="c">1994-2001</subfield>
		</datafield>
		<datafield tag="336" ind1=" " ind2=" ">
			<subfield code="a">text</subfield>
			<subfield code="b">txt</subfield>
			<subfield code="2">rdacontent</subfield>
			<subfield code="0">http://rdaregistry.info/termList/RDAContentType/1020</subfield>
		</datafield>
		<datafield tag="337" ind1=" " ind2=" ">
			<subfield code="a">unmediated</subfield>
			<subfield code="b">n</subfield>
			<subfield code="2">rdamedia</subfield>
			<subfield code="0">http://rdaregistry.info/termList/RDAMediaType/1007</subfield>
		</datafield>
		<datafield tag="338" ind1=" " ind2=" ">
			<subfield code="a">volume</subfield>
			<subfield code="b">nc</subfield>
			<subfield code="2">rdacarrier</subfield>
			<subfield code="0">http://rdaregistry.info/termList/RDACarrierType/1049</subfield>
		</datafield>
		<datafield tag="590" ind1=" " ind2=" ">
			<subfield code="a"> Hentet fra Libris</subfield>
		</datafield>
		<datafield tag="600" ind1="1" ind2="4">
			<subfield code="a">Hamsun, Knut</subfield>
			<subfield code="d">1859-1952</subfield>
			<subfield code="0">http://viaf.org/viaf/59083692</subfield>
		</datafield>
		<datafield tag="653" ind1=" " ind2=" ">
			<subfield code="5">Nob</subfield>
			<subfield code="a">Norge</subfield>
		</datafield>
		<datafield tag="700" ind1="1" ind2=" ">
			<subfield code="a">Næss, Harald S.</subfield>
			<subfield code="4">edt</subfield>
			<subfield code="i">Redaktør</subfield>
			<subfield code="0">http://viaf.org/viaf/64022021</subfield>
		</datafield>
		<datafield tag="740" ind1="0" ind2=" ">
			<subfield code="a">brev</subfield>
		</datafield>
		<datafield tag="740" ind1="0" ind2=" ">
			<subfield code="a">Knut Hamsuns brev</subfield>
		</datafield>
		<datafield tag="841" ind1=" " ind2=" ">
			<subfield code="5">G</subfield>
			<subfield code="a">va a</subfield>
			<subfield code="b">0201080u    0   4000uu   |000000</subfield>
			<subfield code="e">3</subfield>
		</datafield>
		<datafield tag="841" ind1=" " ind2=" ">
			<subfield code="5">L</subfield>
			<subfield code="a">va a</subfield>
			<subfield code="b">0201080u    0   4000uu   |000000</subfield>
			<subfield code="e">3</subfield>
		</datafield>
		<datafield tag="841" ind1=" " ind2=" ">
			<subfield code="5">Nob</subfield>
			<subfield code="a">va a</subfield>
			<subfield code="b">0201080u    0   4000uu   |000000</subfield>
			<subfield code="e">3</subfield>
		</datafield>
		<datafield tag="841" ind1=" " ind2=" ">
			<subfield code="5">Q</subfield>
			<subfield code="a">va a</subfield>
			<subfield code="b">0201080u    0   4000uu   |000000</subfield>
			<subfield code="e">3</subfield>
		</datafield>
		<datafield tag="841" ind1=" " ind2=" ">
			<subfield code="5">S</subfield>
			<subfield code="a">va a</subfield>
			<subfield code="b">0201080u    0   4000uu   |000000</subfield>
			<subfield code="e">3</subfield>
		</datafield>
		<datafield tag="841" ind1=" " ind2=" ">
			<subfield code="5">U</subfield>
			<subfield code="a">va a</subfield>
			<subfield code="b">0201080u    0   4000uu   |000000</subfield>
			<subfield code="e">3</subfield>
		</datafield>
		<datafield tag="852" ind1=" " ind2=" ">
			<subfield code="5">G</subfield>
			<subfield code="b">G</subfield>
			<subfield code="h">ÖM Gbn</subfield>
			<subfield code="j">94/54</subfield>
		</datafield>
		<datafield tag="852" ind1=" " ind2=" ">
			<subfield code="5">L</subfield>
			<subfield code="b">L</subfield>
			<subfield code="c">0100</subfield>
		</datafield>
		<datafield tag="852" ind1=" " ind2=" ">
			<subfield code="5">Nob</subfield>
			<subfield code="b">Nob</subfield>
			<subfield code="h">Vitt. No.</subfield>
		</datafield>
		<datafield tag="852" ind1=" " ind2=" ">
			<subfield code="5">Q</subfield>
			<subfield code="b">Q</subfield>
			<subfield code="h">gc</subfield>
			<subfield code="j">2354</subfield>
		</datafield>
		<datafield tag="852" ind1=" " ind2=" ">
			<subfield code="5">S</subfield>
			<subfield code="b">S</subfield>
			<subfield code="h">Se delarna</subfield>
		</datafield>
		<datafield tag="852" ind1=" " ind2=" ">
			<subfield code="5">U</subfield>
			<subfield code="b">U</subfield>
			<subfield code="h">1996 Gb</subfield>
			<subfield code="j">9</subfield>
		</datafield>
		<datafield tag="866" ind1=" " ind2=" ">
			<subfield code="5">G</subfield>
			<subfield code="a">1-6, suppl., Delarna specificerade</subfield>
		</datafield>
		<datafield tag="866" ind1=" " ind2=" ">
			<subfield code="5">L</subfield>
			<subfield code="a">1-6, Suppl.</subfield>
		</datafield>
		<datafield tag="866" ind1=" " ind2=" ">
			<subfield code="5">Nob</subfield>
			<subfield code="a">1-6</subfield>
		</datafield>
		<datafield tag="866" ind1=" " ind2=" ">
			<subfield code="5">Q</subfield>
			<subfield code="a">1-6, Supplementsbd</subfield>
			<subfield code="x">Delarna specificerade</subfield>
		</datafield>
		<datafield tag="866" ind1=" " ind2=" ">
			<subfield code="5">S</subfield>
			<subfield code="a">1-6</subfield>
			<subfield code="x">Delarna specificerade</subfield>
		</datafield>
		<datafield tag="866" ind1=" " ind2=" ">
			<subfield code="5">U</subfield>
			<subfield code="a">Vol. 1-, Delarna specificeras</subfield>
		</datafield>
		<datafield tag="900" ind1="1" ind2="s">
			<subfield code="6">100</subfield>
			<subfield code="a">Gamsun, Knut,</subfield>
			<subfield code="d">1859-1952</subfield>
			<subfield code="u">Hamsun, Knut</subfield>
			<subfield code="d">1859-1952</subfield>
		</datafield>
		<datafield tag="900" ind1="1" ind2="k">
			<subfield code="6">100</subfield>
			<subfield code="a">Thode, Knut,</subfield>
			<subfield code="d">1859-1952</subfield>
			<subfield code="u">Hamsun, Knut</subfield>
			<subfield code="d">1859-1952</subfield>
		</datafield>
		<datafield tag="900" ind1="1" ind2="s">
			<subfield code="6">100</subfield>
			<subfield code="a">Pedersen, Knut,</subfield>
			<subfield code="d">1859-1952</subfield>
			<subfield code="u">Hamsun, Knut</subfield>
			<subfield code="d">1859-1952</subfield>
		</datafield>
		<datafield tag="900" ind1="1" ind2="s">
			<subfield code="6">100</subfield>
			<subfield code="a">, ,</subfield>
			<subfield code="d">1859-1952</subfield>
			<subfield code="u">Hamsun, Knut</subfield>
			<subfield code="d">1859-1952</subfield>
		</datafield>
		<datafield tag="900" ind1="1" ind2="s">
			<subfield code="6">100</subfield>
			<subfield code="a"> </subfield>
			<subfield code="d">1859-1952</subfield>
			<subfield code="u">Hamsun, Knut</subfield>
			<subfield code="d">1859-1952</subfield>
		</datafield>
		<datafield tag="900" ind1="1" ind2="s">
			<subfield code="6">100</subfield>
			<subfield code="a">Hamsun, Kinut</subfield>
			<subfield code="d">1859-1952</subfield>
			<subfield code="u">Hamsun, Knut</subfield>
			<subfield code="d">1859-1952</subfield>
		</datafield>
		<datafield tag="976" ind1=" " ind2="2">
			<subfield code="a">Gdbz</subfield>
			<subfield code="b">Litteraturhistoria Norsk</subfield>
		</datafield>
	</record>