
	<record>
		<leader>01831cam a22004817ar4500</leader>
		<controlfield tag="001">8225577</controlfield>
		<controlfield tag="003">LIBRIS</controlfield>
		<controlfield tag="005">20040811170202.0</controlfield>
		<controlfield tag="008">020113s2001    no            001 i nor c</controlfield>
		<datafield tag="020" ind1=" " ind2=" ">
			<subfield code="a">82-05-29791-6</subfield>
		</datafield>
		<datafield tag="035" ind1=" " ind2=" ">
			<subfield code="9">8205297916</subfield>
		</datafield>
		<datafield tag="040" ind1=" " ind2=" ">
			<subfield code="a">Q</subfield>
		</datafield>
		<datafield tag="100" ind1="1" ind2=" ">
			<subfield code="a">Hamsun, Knut</subfield>
			<subfield code="d">1859-1952</subfield>
			<subfield code="0">http://viaf.org/viaf/59083692</subfield>
			<subfield code="4">aut</subfield>
		</datafield>
		<datafield tag="240" ind1="1" ind2="0">
			<subfield code="a">Knut Hamsuns brev</subfield>
			<subfield code="0">http://www.worldcat.org/oclc/31649803</subfield>
		</datafield>
		<datafield tag="245" ind1="0" ind2="0">
			<subfield code="a">Knut Hamsuns brev</subfield>
			<subfield code="p">Supplementsbind</subfield>
			<subfield code="c">utgitt av Harald S. Næss</subfield>
		</datafield>
		<datafield tag="260" ind1=" " ind2=" ">
			<subfield code="a">Oslo :</subfield>
			<subfield code="b">Gyldendal,</subfield>
			<subfield code="c">2001</subfield>
		</datafield>
		<datafield tag="336" ind1=" " ind2=" ">
			<subfield code="a">text</subfield>
			<subfield code="b">txt</subfield>
			<subfield code="2">rdacontent</subfield>
			<subfield code="0">http://rdaregistry.info/termList/RDAContentType/1020</subfield>
		</datafield>
		<datafield tag="337" ind1=" " ind2=" ">
			<subfield code="a">unmediated</subfield>
			<subfield code="b">n</subfield>
			<subfield code="2">rdamedia</subfield>
			<subfield code="0">http://rdaregistry.info/termList/RDAMediaType/1007</subfield>
		</datafield>
		<datafield tag="338" ind1=" " ind2=" ">
			<subfield code="a">volume</subfield>
			<subfield code="b">nc</subfield>
			<subfield code="2">rdacarrier</subfield>
			<subfield code="0">http://rdaregistry.info/termList/RDACarrierType/1049</subfield>
		</datafield>
		<datafield tag="590" ind1=" " ind2=" ">
			<subfield code="a"> Hentet fra Libris</subfield>
		</datafield>
		<datafield tag="700" ind1="1" ind2=" ">
			<subfield code="a">Næss, Harald S.</subfield>
			<subfield code="4">edt</subfield>
			<subfield code="i">Redaktør</subfield>
			<subfield code="0">http://viaf.org/viaf/64022021</subfield>
		</datafield>
		<datafield tag="740" ind1="0" ind2=" ">
			<subfield code="a">Supplementsbind</subfield>
		</datafield>
		<datafield tag="740" ind1="0" ind2=" ">
			<subfield code="a">brev</subfield>
		</datafield>
		<datafield tag="740" ind1="0" ind2=" ">
			<subfield code="a">Knut Hamsuns brev</subfield>
		</datafield>
		<datafield tag="772" ind1="0" ind2="0">
			<subfield code="7">p1</subfield>
			<subfield code="a">Hamsun, Knut</subfield>
			<subfield code="t">Knut Hamsuns brev</subfield>
			<subfield code="c">utgitt av Harald S. Næss</subfield>
			<subfield code="d">Oslo : Gyldendal, 1994-2001</subfield>
			<subfield code="w">9919924903</subfield>
			<subfield code="9">7</subfield>
		</datafield>
		<datafield tag="841" ind1=" " ind2=" ">
			<subfield code="5">G</subfield>
			<subfield code="a">x  a</subfield>
			<subfield code="b">020225||    |||||001|||  |000000</subfield>
			<subfield code="e">1</subfield>
		</datafield>
		<datafield tag="841" ind1=" " ind2=" ">
			<subfield code="5">L</subfield>
			<subfield code="a">x  a</subfield>
			<subfield code="b">0202014u    8   1001uuswe0901128</subfield>
			<subfield code="e">1</subfield>
		</datafield>
		<datafield tag="841" ind1=" " ind2=" ">
			<subfield code="5">Q</subfield>
			<subfield code="a">xa a</subfield>
			<subfield code="b">0201080u    0   4000uu   |000000</subfield>
			<subfield code="e">3</subfield>
		</datafield>
		<datafield tag="841" ind1=" " ind2=" ">
			<subfield code="5">S</subfield>
			<subfield code="a">x  a</subfield>
			<subfield code="b">0208074u    8   1001uu   0901128</subfield>
			<subfield code="e">4</subfield>
		</datafield>
		<datafield tag="841" ind1=" " ind2=" ">
			<subfield code="5">U</subfield>
			<subfield code="a">x  a</subfield>
			<subfield code="b">0202204u    8   1001uuswe0901128</subfield>
			<subfield code="e">1</subfield>
		</datafield>
		<datafield tag="852" ind1=" " ind2=" ">
			<subfield code="5">G</subfield>
			<subfield code="b">G</subfield>
			<subfield code="h">ÖM Gbn</subfield>
			<subfield code="j">94/54:7</subfield>
		</datafield>
		<datafield tag="852" ind1=" " ind2=" ">
			<subfield code="5">L</subfield>
			<subfield code="b">L</subfield>
			<subfield code="c">0100</subfield>
			<subfield code="h">Ref.1</subfield>
			<subfield code="j">Hdb</subfield>
		</datafield>
		<datafield tag="852" ind1=" " ind2=" ">
			<subfield code="5">Q</subfield>
			<subfield code="b">Q</subfield>
			<subfield code="h">gc</subfield>
			<subfield code="j">2354</subfield>
		</datafield>
		<datafield tag="852" ind1=" " ind2=" ">
			<subfield code="5">Q</subfield>
			<subfield code="8">1.1\c</subfield>
			<subfield code="b">Q</subfield>
			<subfield code="c">fos</subfield>
			<subfield code="h">gc</subfield>
			<subfield code="j">02354: supplementsbd</subfield>
		</datafield>
		<datafield tag="852" ind1=" " ind2=" ">
			<subfield code="5">S</subfield>
			<subfield code="b">S</subfield>
			<subfield code="h">2002</subfield>
			<subfield code="j">2337</subfield>
			<subfield code="x">020807(inb,)/keac</subfield>
		</datafield>
		<datafield tag="852" ind1=" " ind2=" ">
			<subfield code="5">U</subfield>
			<subfield code="b">U</subfield>
			<subfield code="h">1996 Gb</subfield>
			<subfield code="j">9:7</subfield>
		</datafield>
		<datafield tag="866" ind1=" " ind2=" ">
			<subfield code="5">Q</subfield>
			<subfield code="a">1-6, Supplementsbd</subfield>
			<subfield code="x">Delarna specificerade</subfield>
		</datafield>
		<datafield tag="900" ind1="1" ind2="s">
			<subfield code="6">100</subfield>
			<subfield code="a">Gamsun, Knut,</subfield>
			<subfield code="d">1859-1952</subfield>
			<subfield code="u">Hamsun, Knut</subfield>
			<subfield code="d">1859-1952</subfield>
		</datafield>
		<datafield tag="900" ind1="1" ind2="k">
			<subfield code="6">100</subfield>
			<subfield code="a">Thode, Knut,</subfield>
			<subfield code="d">1859-1952</subfield>
			<subfield code="u">Hamsun, Knut</subfield>
			<subfield code="d">1859-1952</subfield>
		</datafield>
		<datafield tag="900" ind1="1" ind2="s">
			<subfield code="6">100</subfield>
			<subfield code="a">Pedersen, Knut,</subfield>
			<subfield code="d">1859-1952</subfield>
			<subfield code="u">Hamsun, Knut</subfield>
			<subfield code="d">1859-1952</subfield>
		</datafield>
		<datafield tag="900" ind1="1" ind2="s">
			<subfield code="6">100</subfield>
			<subfield code="a">, ,</subfield>
			<subfield code="d">1859-1952</subfield>
			<subfield code="u">Hamsun, Knut</subfield>
			<subfield code="d">1859-1952</subfield>
		</datafield>
		<datafield tag="900" ind1="1" ind2="s">
			<subfield code="6">100</subfield>
			<subfield code="a"> </subfield>
			<subfield code="d">1859-1952</subfield>
			<subfield code="u">Hamsun, Knut</subfield>
			<subfield code="d">1859-1952</subfield>
		</datafield>
		<datafield tag="900" ind1="1" ind2="s">
			<subfield code="6">100</subfield>
			<subfield code="a">Hamsun, Kinut</subfield>
			<subfield code="d">1859-1952</subfield>
			<subfield code="u">Hamsun, Knut</subfield>
			<subfield code="d">1859-1952</subfield>
		</datafield>
	</record>