
	<record>
		<leader>01732aam a22004337a 4500</leader>
		<controlfield tag="001">8355070</controlfield>
		<controlfield tag="003">LIBRIS</controlfield>
		<controlfield tag="005">20171025131548.0</controlfield>
		<controlfield tag="008">020113s2001    no            00| 0bnor c</controlfield>
		<datafield tag="020" ind1=" " ind2=" ">
			<subfield code="a">82-516-1873-8</subfield>
		</datafield>
		<datafield tag="035" ind1=" " ind2=" ">
			<subfield code="9">8251618738</subfield>
		</datafield>
		<datafield tag="040" ind1=" " ind2=" ">
			<subfield code="a">S</subfield>
		</datafield>
		<datafield tag="100" ind1="1" ind2=" ">
			<subfield code="a">Larsen, Lars Frode</subfield>
			<subfield code="d">1948-</subfield>
			<subfield code="0">http://viaf.org/viaf/107756506</subfield>
			<subfield code="4">aut</subfield>
		</datafield>
		<datafield tag="240" ind1="1" ind2="0">
			<subfield code="a">Den unge Hamsun</subfield>
			<subfield code="0">http://www.worldcat.org/oclc/473745412</subfield>
		</datafield>
		<datafield tag="245" ind1="0" ind2="4">
			<subfield code="a">Den unge Hamsun</subfield>
			<subfield code="p">Radikaleren :</subfield>
			<subfield code="b">[Hamsun ved gjennombruddet, 1888-1891] /</subfield>
			<subfield code="c">Lars Frode Larsen</subfield>
		</datafield>
		<datafield tag="260" ind1=" " ind2=" ">
			<subfield code="a">Oslo :</subfield>
			<subfield code="b">Schibsted,</subfield>
			<subfield code="c">cop. 2001</subfield>
		</datafield>
		<datafield tag="336" ind1=" " ind2=" ">
			<subfield code="a">text</subfield>
			<subfield code="b">txt</subfield>
			<subfield code="2">rdacontent</subfield>
			<subfield code="0">http://rdaregistry.info/termList/RDAContentType/1020</subfield>
		</datafield>
		<datafield tag="337" ind1=" " ind2=" ">
			<subfield code="a">unmediated</subfield>
			<subfield code="b">n</subfield>
			<subfield code="2">rdamedia</subfield>
			<subfield code="0">http://rdaregistry.info/termList/RDAMediaType/1007</subfield>
		</datafield>
		<datafield tag="338" ind1=" " ind2=" ">
			<subfield code="a">volume</subfield>
			<subfield code="b">nc</subfield>
			<subfield code="2">rdacarrier</subfield>
			<subfield code="0">http://rdaregistry.info/termList/RDACarrierType/1049</subfield>
		</datafield>
		<datafield tag="590" ind1=" " ind2=" ">
			<subfield code="a"> Hentet fra Libris</subfield>
		</datafield>
		<datafield tag="600" ind1="1" ind2="4">
			<subfield code="a">Hamsun, Knut</subfield>
			<subfield code="d">1859-1952</subfield>
			<subfield code="0">http://viaf.org/viaf/59083692</subfield>
		</datafield>
		<datafield tag="650" ind1=" " ind2="7">
			<subfield code="a">Norske forfattere</subfield>
			<subfield code="2">sao</subfield>
			<subfield code="0">249930</subfield>
		</datafield>
		<datafield tag="655" ind1=" " ind2="7">
			<subfield code="a">Biografi</subfield>
			<subfield code="2">saogf</subfield>
			<subfield code="0">352932</subfield>
		</datafield>
		<datafield tag="698" ind1=" " ind2=" ">
			<subfield code="5">R</subfield>
			<subfield code="b">Biografier</subfield>
		</datafield>
		<datafield tag="740" ind1="0" ind2=" ">
			<subfield code="a">Radikaleren</subfield>
		</datafield>
		<datafield tag="772" ind1="0" ind2="0">
			<subfield code="a">Larsen, Lars Frode</subfield>
			<subfield code="t">unge Hamsun</subfield>
			<subfield code="c">Lars Frode Larsen</subfield>
			<subfield code="d">Oslo : Schibsted, 1998-</subfield>
			<subfield code="w">9928675325</subfield>
			<subfield code="9">2</subfield>
		</datafield>
		<datafield tag="841" ind1=" " ind2=" ">
			<subfield code="5">G</subfield>
			<subfield code="a">x  a</subfield>
			<subfield code="b">020318||    |||||001|||  |000000</subfield>
			<subfield code="e">1</subfield>
		</datafield>
		<datafield tag="841" ind1=" " ind2=" ">
			<subfield code="5">Lsol</subfield>
			<subfield code="a">x  a</subfield>
			<subfield code="b">0504204u    8   1001uu   0901128</subfield>
			<subfield code="e">4</subfield>
		</datafield>
		<datafield tag="841" ind1=" " ind2=" ">
			<subfield code="5">R</subfield>
			<subfield code="a">x  a</subfield>
			<subfield code="b">0203134u    8   1001uu   0901128</subfield>
			<subfield code="e">4</subfield>
		</datafield>
		<datafield tag="841" ind1=" " ind2=" ">
			<subfield code="5">S</subfield>
			<subfield code="a">xa a</subfield>
			<subfield code="b">0201080u    0   4000uu   |000000</subfield>
			<subfield code="e">1</subfield>
		</datafield>
		<datafield tag="852" ind1="8" ind2=" ">
			<subfield code="5">G</subfield>
			<subfield code="b">G</subfield>
			<subfield code="h">ÖM Gbn</subfield>
			<subfield code="j">99/26:2</subfield>
		</datafield>
		<datafield tag="852" ind1=" " ind2=" ">
			<subfield code="5">Lsol</subfield>
			<subfield code="b">Lsol</subfield>
			<subfield code="h">Gz Hamsun, K.</subfield>
		</datafield>
		<datafield tag="852" ind1=" " ind2=" ">
			<subfield code="5">R</subfield>
			<subfield code="b">R</subfield>
			<subfield code="c">magas</subfield>
			<subfield code="j">02 334</subfield>
			<subfield code="i">10</subfield>
			<subfield code="t">Ex. A</subfield>
		</datafield>
		<datafield tag="852" ind1=" " ind2=" ">
			<subfield code="5">S</subfield>
			<subfield code="b">S</subfield>
			<subfield code="h">2002</subfield>
			<subfield code="j">571</subfield>
			<subfield code="x">020228 (inb.)/cw</subfield>
		</datafield>
		<datafield tag="900" ind1="1" ind2="s">
			<subfield code="6">600</subfield>
			<subfield code="a">Gamsun, Knut,</subfield>
			<subfield code="d">1859-1952</subfield>
			<subfield code="u">Hamsun, Knut</subfield>
			<subfield code="d">1859-1952</subfield>
		</datafield>
		<datafield tag="900" ind1="1" ind2="k">
			<subfield code="6">600</subfield>
			<subfield code="a">Thode, Knut,</subfield>
			<subfield code="d">1859-1952</subfield>
			<subfield code="u">Hamsun, Knut</subfield>
			<subfield code="d">1859-1952</subfield>
		</datafield>
		<datafield tag="900" ind1="1" ind2="s">
			<subfield code="6">600</subfield>
			<subfield code="a">Pedersen, Knut,</subfield>
			<subfield code="d">1859-1952</subfield>
			<subfield code="u">Hamsun, Knut</subfield>
			<subfield code="d">1859-1952</subfield>
		</datafield>
		<datafield tag="900" ind1="1" ind2="s">
			<subfield code="6">600</subfield>
			<subfield code="a">, ,</subfield>
			<subfield code="d">1859-1952</subfield>
			<subfield code="u">Hamsun, Knut</subfield>
			<subfield code="d">1859-1952</subfield>
		</datafield>
		<datafield tag="900" ind1="1" ind2="s">
			<subfield code="6">600</subfield>
			<subfield code="a"> </subfield>
			<subfield code="d">1859-1952</subfield>
			<subfield code="u">Hamsun, Knut</subfield>
			<subfield code="d">1859-1952</subfield>
		</datafield>
		<datafield tag="900" ind1="1" ind2="s">
			<subfield code="6">600</subfield>
			<subfield code="a">Hamsun, Kinut</subfield>
			<subfield code="d">1859-1952</subfield>
			<subfield code="u">Hamsun, Knut</subfield>
			<subfield code="d">1859-1952</subfield>
		</datafield>
	</record>