
	<record>
		<leader>01666cam a22005053  4500</leader>
		<controlfield tag="001">8211265</controlfield>
		<controlfield tag="003">LIBRIS</controlfield>
		<controlfield tag="005">20140221091935.0</controlfield>
		<controlfield tag="008">020113s1960    no            000 0 nor c</controlfield>
		<datafield tag="035" ind1=" " ind2=" ">
			<subfield code="9">9906765569</subfield>
		</datafield>
		<datafield tag="035" ind1=" " ind2=" ">
			<subfield code="5">Mo</subfield>
			<subfield code="a">(Mo)b1192202</subfield>
		</datafield>
		<datafield tag="035" ind1=" " ind2=" ">
			<subfield code="5">S</subfield>
			<subfield code="a">KBKATALOG1956SPI (693163)</subfield>
		</datafield>
		<datafield tag="040" ind1=" " ind2=" ">
			<subfield code="a">L</subfield>
		</datafield>
		<datafield tag="100" ind1="1" ind2=" ">
			<subfield code="a">Nilson, Sten Sparre</subfield>
			<subfield code="d">1915-2002</subfield>
			<subfield code="0">http://viaf.org/viaf/63602708</subfield>
			<subfield code="4">aut</subfield>
		</datafield>
		<datafield tag="240" ind1="1" ind2="0">
			<subfield code="a">En ørn i uvær</subfield>
			<subfield code="0">http://www.worldcat.org/oclc/247530510</subfield>
		</datafield>
		<datafield tag="245" ind1="1" ind2="3">
			<subfield code="a">En ørn i uvær</subfield>
			<subfield code="b">Knut Hamsun og politikken</subfield>
			<subfield code="c">Skrevet av Sten Sparre Nilson</subfield>
		</datafield>
		<datafield tag="260" ind1=" " ind2=" ">
			<subfield code="a">Oslo :</subfield>
			<subfield code="b">Gyldendal,</subfield>
			<subfield code="c">1960</subfield>
		</datafield>
		<datafield tag="336" ind1=" " ind2=" ">
			<subfield code="a">text</subfield>
			<subfield code="b">txt</subfield>
			<subfield code="2">rdacontent</subfield>
			<subfield code="0">http://rdaregistry.info/termList/RDAContentType/1020</subfield>
		</datafield>
		<datafield tag="337" ind1=" " ind2=" ">
			<subfield code="a">unmediated</subfield>
			<subfield code="b">n</subfield>
			<subfield code="2">rdamedia</subfield>
			<subfield code="0">http://rdaregistry.info/termList/RDAMediaType/1007</subfield>
		</datafield>
		<datafield tag="338" ind1=" " ind2=" ">
			<subfield code="a">volume</subfield>
			<subfield code="b">nc</subfield>
			<subfield code="2">rdacarrier</subfield>
			<subfield code="0">http://rdaregistry.info/termList/RDACarrierType/1049</subfield>
		</datafield>
		<datafield tag="590" ind1=" " ind2=" ">
			<subfield code="a"> Hentet fra Libris</subfield>
		</datafield>
		<datafield tag="600" ind1="1" ind2="4">
			<subfield code="a">Hamsun, Knut</subfield>
			<subfield code="d">1859-1952</subfield>
			<subfield code="0">http://viaf.org/viaf/59083692</subfield>
		</datafield>
		<datafield tag="600" ind1="1" ind2="4">
			<subfield code="a">Hamsun, Knut</subfield>
			<subfield code="d">1859-1952</subfield>
			<subfield code="0">http://viaf.org/viaf/59083692</subfield>
		</datafield>
		<datafield tag="611" ind1="2" ind2="4">
			<subfield code="5">S</subfield>
			<subfield code="a">kbretro</subfield>
		</datafield>
		<datafield tag="655" ind1=" " ind2="4">
			<subfield code="5">Mo</subfield>
			<subfield code="a">Bok</subfield>
		</datafield>
		<datafield tag="841" ind1=" " ind2=" ">
			<subfield code="5">G</subfield>
			<subfield code="a">xa a</subfield>
			<subfield code="b">0201080u    0   4000uu   |000000</subfield>
			<subfield code="e">1</subfield>
		</datafield>
		<datafield tag="841" ind1=" " ind2=" ">
			<subfield code="5">H</subfield>
			<subfield code="a">xa a</subfield>
			<subfield code="b">0201080u    0   4000uu   |000000</subfield>
			<subfield code="e">1</subfield>
		</datafield>
		<datafield tag="841" ind1=" " ind2=" ">
			<subfield code="5">L</subfield>
			<subfield code="a">xa a</subfield>
			<subfield code="b">0201080u    0   4000uu   |000000</subfield>
			<subfield code="e">1</subfield>
		</datafield>
		<datafield tag="841" ind1=" " ind2=" ">
			<subfield code="5">Li</subfield>
			<subfield code="a">xa a</subfield>
			<subfield code="b">0201080u    0   4000uu   |000000</subfield>
			<subfield code="e">1</subfield>
		</datafield>
		<datafield tag="841" ind1=" " ind2=" ">
			<subfield code="5">Mo</subfield>
			<subfield code="a">x  a</subfield>
			<subfield code="b">090810||0000|||||001||||||000000</subfield>
			<subfield code="e">1</subfield>
		</datafield>
		<datafield tag="841" ind1=" " ind2=" ">
			<subfield code="5">S</subfield>
			<subfield code="a">x  a</subfield>
			<subfield code="b">080407||0000|||||001||||||000000</subfield>
			<subfield code="e">1</subfield>
		</datafield>
		<datafield tag="841" ind1=" " ind2=" ">
			<subfield code="5">Uh</subfield>
			<subfield code="a">xa a</subfield>
			<subfield code="b">0201080u    0   4000uu   |000000</subfield>
			<subfield code="e">1</subfield>
		</datafield>
		<datafield tag="852" ind1=" " ind2=" ">
			<subfield code="5">G</subfield>
			<subfield code="b">G</subfield>
			<subfield code="h">G</subfield>
			<subfield code="j">1232</subfield>
		</datafield>
		<datafield tag="852" ind1="8" ind2=" ">
			<subfield code="5">H</subfield>
			<subfield code="b">H</subfield>
		</datafield>
		<datafield tag="852" ind1=" " ind2=" ">
			<subfield code="5">L</subfield>
			<subfield code="b">L</subfield>
			<subfield code="h">G</subfield>
		</datafield>
		<datafield tag="852" ind1=" " ind2=" ">
			<subfield code="5">Li</subfield>
			<subfield code="b">Li</subfield>
			<subfield code="c">VALLA</subfield>
			<subfield code="h">gz Hamsun</subfield>
		</datafield>
		<datafield tag="852" ind1=" " ind2=" ">
			<subfield code="5">Mo</subfield>
			<subfield code="b">Mo</subfield>
			<subfield code="h">Gz Hamsun, Knut</subfield>
		</datafield>
		<datafield tag="852" ind1=" " ind2=" ">
			<subfield code="5">S</subfield>
			<subfield code="b">S</subfield>
			<subfield code="h">61</subfield>
			<subfield code="j">1269</subfield>
		</datafield>
		<datafield tag="852" ind1=" " ind2=" ">
			<subfield code="5">Uh</subfield>
			<subfield code="b">Uh</subfield>
			<subfield code="c">Dep ̄KBB</subfield>
			<subfield code="h">Gd</subfield>
			<subfield code="j">56</subfield>
		</datafield>
		<datafield tag="900" ind1="1" ind2="s">
			<subfield code="6">100</subfield>
			<subfield code="a">Sparre Nilson, Sten</subfield>
			<subfield code="u">Nilson, Sten Sparre</subfield>
		</datafield>
	</record>