
	<record>
		<leader>01912cam a22004697a 4500</leader>
		<controlfield tag="001">11483139</controlfield>
		<controlfield tag="003">LIBRIS</controlfield>
		<controlfield tag="005">20171025130554.0</controlfield>
		<controlfield tag="008">090616s2009    no a          000 0 nor c</controlfield>
		<datafield tag="020" ind1=" " ind2=" ">
			<subfield code="a">978-82-05-39046-1</subfield>
		</datafield>
		<datafield tag="040" ind1=" " ind2=" ">
			<subfield code="a">Q</subfield>
		</datafield>
		<datafield tag="082" ind1="0" ind2="4">
			<subfield code="a">839.8209</subfield>
			<subfield code="2">22 (machine generated)</subfield>
		</datafield>
		<datafield tag="084" ind1=" " ind2=" ">
			<subfield code="a">Gdbz Hamsun, Knut</subfield>
			<subfield code="2">kssb/8</subfield>
		</datafield>
		<datafield tag="100" ind1="1" ind2=" ">
			<subfield code="a">Kolloen, Ingar Sletten</subfield>
			<subfield code="d">1951-</subfield>
			<subfield code="0">http://viaf.org/viaf/49458459</subfield>
			<subfield code="4">aut</subfield>
		</datafield>
		<datafield tag="240" ind1="1" ind2="0">
			<subfield code="a">Hamsun : svermer og erobrer</subfield>
			<subfield code="0">http://www.worldcat.org/oclc/731889615</subfield>
		</datafield>
		<datafield tag="245" ind1="1" ind2="0">
			<subfield code="a">Hamsun :</subfield>
			<subfield code="b">svermer og erobrer</subfield>
			<subfield code="c">Skrevet av Ingar Sletten Kolloen</subfield>
		</datafield>
		<datafield tag="260" ind1=" " ind2=" ">
			<subfield code="a">Oslo :</subfield>
			<subfield code="b">Gyldendal,</subfield>
			<subfield code="c">2009</subfield>
			<subfield code="e">(Falun :</subfield>
			<subfield code="f">ScandBook AB)</subfield>
		</datafield>
		<datafield tag="336" ind1=" " ind2=" ">
			<subfield code="a">text</subfield>
			<subfield code="b">txt</subfield>
			<subfield code="2">rdacontent</subfield>
			<subfield code="0">http://rdaregistry.info/termList/RDAContentType/1020</subfield>
		</datafield>
		<datafield tag="337" ind1=" " ind2=" ">
			<subfield code="a">unmediated</subfield>
			<subfield code="b">n</subfield>
			<subfield code="2">rdamedia</subfield>
			<subfield code="0">http://rdaregistry.info/termList/RDAMediaType/1007</subfield>
		</datafield>
		<datafield tag="338" ind1=" " ind2=" ">
			<subfield code="a">volume</subfield>
			<subfield code="b">nc</subfield>
			<subfield code="2">rdacarrier</subfield>
			<subfield code="0">http://rdaregistry.info/termList/RDACarrierType/1049</subfield>
		</datafield>
		<datafield tag="590" ind1=" " ind2=" ">
			<subfield code="a"> Hentet fra Libris</subfield>
		</datafield>
		<datafield tag="600" ind1="1" ind2="4">
			<subfield code="a">Hamsun, Knut</subfield>
			<subfield code="d">1859-1952</subfield>
			<subfield code="0">http://viaf.org/viaf/59083692</subfield>
		</datafield>
		<datafield tag="650" ind1=" " ind2="7">
			<subfield code="a">Norske forfattere</subfield>
			<subfield code="y">1800-tallet</subfield>
			<subfield code="y">1900-tallet</subfield>
			<subfield code="2">sao</subfield>
		</datafield>
		<datafield tag="655" ind1=" " ind2="7">
			<subfield code="a">Biografi</subfield>
			<subfield code="2">saogf</subfield>
			<subfield code="0">352932</subfield>
		</datafield>
		<datafield tag="841" ind1=" " ind2=" ">
			<subfield code="5">G</subfield>
			<subfield code="a">x  a</subfield>
			<subfield code="b">0906164u    8   1001uu   0901128</subfield>
			<subfield code="e">4</subfield>
		</datafield>
		<datafield tag="841" ind1=" " ind2=" ">
			<subfield code="5">Gbg</subfield>
			<subfield code="a">x  a</subfield>
			<subfield code="b">091002||    |||||001||||||000000</subfield>
			<subfield code="e">1</subfield>
		</datafield>
		<datafield tag="841" ind1=" " ind2=" ">
			<subfield code="5">H</subfield>
			<subfield code="a">x  a</subfield>
			<subfield code="b">090821||    |||||001||||||000000</subfield>
			<subfield code="e">1</subfield>
		</datafield>
		<datafield tag="841" ind1=" " ind2=" ">
			<subfield code="5">L</subfield>
			<subfield code="a">x  a</subfield>
			<subfield code="b">0908184u    8   1001uu   0901128</subfield>
			<subfield code="e">1</subfield>
		</datafield>
		<datafield tag="841" ind1=" " ind2=" ">
			<subfield code="5">Li</subfield>
			<subfield code="a">x  a</subfield>
			<subfield code="b">090813||    |||||001||||||000000</subfield>
			<subfield code="e">1</subfield>
		</datafield>
		<datafield tag="841" ind1=" " ind2=" ">
			<subfield code="5">Nob</subfield>
			<subfield code="a">x  a</subfield>
			<subfield code="b">0908174u    8   1001uu   0901128</subfield>
			<subfield code="e">4</subfield>
		</datafield>
		<datafield tag="841" ind1=" " ind2=" ">
			<subfield code="5">Q</subfield>
			<subfield code="a">x  a</subfield>
			<subfield code="b">0906164u    8   1001uu   0901128</subfield>
			<subfield code="e">4</subfield>
		</datafield>
		<datafield tag="841" ind1=" " ind2=" ">
			<subfield code="5">Uh</subfield>
			<subfield code="a">x  a</subfield>
			<subfield code="b">0906234u    8   1001uu   0901128</subfield>
			<subfield code="e">4</subfield>
		</datafield>
		<datafield tag="852" ind1=" " ind2=" ">
			<subfield code="5">G</subfield>
			<subfield code="b">G</subfield>
			<subfield code="h">ÖM Gbn</subfield>
			<subfield code="j">09/16</subfield>
			<subfield code="x">G09f</subfield>
		</datafield>
		<datafield tag="852" ind1=" " ind2=" ">
			<subfield code="5">Gbg</subfield>
			<subfield code="b">Gbg</subfield>
		</datafield>
		<datafield tag="852" ind1="8" ind2=" ">
			<subfield code="5">H</subfield>
			<subfield code="b">H</subfield>
		</datafield>
		<datafield tag="852" ind1=" " ind2=" ">
			<subfield code="5">L</subfield>
			<subfield code="b">L</subfield>
			<subfield code="h">ÖS</subfield>
			<subfield code="j">Gd</subfield>
			<subfield code="x">sl</subfield>
		</datafield>
		<datafield tag="852" ind1="8" ind2=" ">
			<subfield code="5">Li</subfield>
			<subfield code="b">Li</subfield>
			<subfield code="c">VALLA</subfield>
			<subfield code="h">gz Hamsun</subfield>
			<subfield code="z">Pliktex.</subfield>
		</datafield>
		<datafield tag="852" ind1=" " ind2=" ">
			<subfield code="5">Nob</subfield>
			<subfield code="b">Nob</subfield>
			<subfield code="c">Litt.hist. No. Monogr. Hamsun, Knut</subfield>
		</datafield>
		<datafield tag="852" ind1="8" ind2=" ">
			<subfield code="5">Q</subfield>
			<subfield code="b">Q</subfield>
			<subfield code="c">fos</subfield>
			<subfield code="h">gc 03310</subfield>
			<subfield code="x">0906</subfield>
		</datafield>
		<datafield tag="852" ind1=" " ind2=" ">
			<subfield code="5">Uh</subfield>
			<subfield code="b">Uh</subfield>
			<subfield code="h">Gdbz</subfield>
			<subfield code="l">[Hamsun Kolloen]</subfield>
			<subfield code="x">uub200906uhk</subfield>
		</datafield>
		<datafield tag="900" ind1="1" ind2="s">
			<subfield code="6">600</subfield>
			<subfield code="a">Gamsun, Knut,</subfield>
			<subfield code="d">1859-1952</subfield>
			<subfield code="u">Hamsun, Knut</subfield>
			<subfield code="d">1859-1952</subfield>
		</datafield>
		<datafield tag="900" ind1="1" ind2="k">
			<subfield code="6">600</subfield>
			<subfield code="a">Thode, Knut,</subfield>
			<subfield code="d">1859-1952</subfield>
			<subfield code="u">Hamsun, Knut</subfield>
			<subfield code="d">1859-1952</subfield>
		</datafield>
		<datafield tag="900" ind1="1" ind2="s">
			<subfield code="6">600</subfield>
			<subfield code="a">Pedersen, Knut,</subfield>
			<subfield code="d">1859-1952</subfield>
			<subfield code="u">Hamsun, Knut</subfield>
			<subfield code="d">1859-1952</subfield>
		</datafield>
		<datafield tag="900" ind1="1" ind2="s">
			<subfield code="6">600</subfield>
			<subfield code="a">, ,</subfield>
			<subfield code="d">1859-1952</subfield>
			<subfield code="u">Hamsun, Knut</subfield>
			<subfield code="d">1859-1952</subfield>
		</datafield>
		<datafield tag="900" ind1="1" ind2="s">
			<subfield code="6">600</subfield>
			<subfield code="a"> </subfield>
			<subfield code="d">1859-1952</subfield>
			<subfield code="u">Hamsun, Knut</subfield>
			<subfield code="d">1859-1952</subfield>
		</datafield>
		<datafield tag="900" ind1="1" ind2="s">
			<subfield code="6">600</subfield>
			<subfield code="a">Hamsun, Kinut</subfield>
			<subfield code="d">1859-1952</subfield>
			<subfield code="u">Hamsun, Knut</subfield>
			<subfield code="d">1859-1952</subfield>
		</datafield>
	</record>