
	<record>
		<leader>01432cam a22003734  4500</leader>
		<controlfield tag="001">16413407</controlfield>
		<controlfield tag="003">LIBRIS</controlfield>
		<controlfield tag="005">20140523080555.0</controlfield>
		<controlfield tag="008">140417u1990    xx            10| | mul d</controlfield>
		<datafield tag="020" ind1=" " ind2=" ">
			<subfield code="a">8291002002</subfield>
		</datafield>
		<datafield tag="035" ind1=" " ind2=" ">
			<subfield code="a">173163</subfield>
		</datafield>
		<datafield tag="040" ind1=" " ind2=" ">
			<subfield code="d">Q</subfield>
		</datafield>
		<datafield tag="041" ind1="0" ind2=" ">
			<subfield code="a">nor</subfield>
			<subfield code="a">dan</subfield>
		</datafield>
		<datafield tag="082" ind1="0" ind2="4">
			<subfield code="a">839.8236</subfield>
			<subfield code="2">23/swe</subfield>
		</datafield>
		<datafield tag="100" ind1="1" ind2=" ">
			<subfield code="a">Næss, Harald S.</subfield>
			<subfield code="d">1925-2017</subfield>
			<subfield code="0">http://viaf.org/viaf/64022021</subfield>
			<subfield code="4">ctb</subfield>
		</datafield>
		<datafield tag="240" ind1="1" ind2="0">
			<subfield code="a">Tre foredrag fra Hamsun-dagene 1990</subfield>
			<subfield code="0">http://www.worldcat.org/oclc/1088030220</subfield>
		</datafield>
		<datafield tag="245" ind1="1" ind2="0">
			<subfield code="a">Tre foredrag fra Hamsun-dagene 1990</subfield>
			<subfield code="c">Av Harald Næss, Henning K. Sehmsdorf og Leif Mevik. Utgitt av Hamsun-selskapet</subfield>
		</datafield>
		<datafield tag="260" ind1=" " ind2=" ">
			<subfield code="a">Hamarøy :</subfield>
			<subfield code="b">Hamsun-selskapet,</subfield>
			<subfield code="c">1990.</subfield>
		</datafield>
		<datafield tag="336" ind1=" " ind2=" ">
			<subfield code="a">text</subfield>
			<subfield code="b">txt</subfield>
			<subfield code="2">rdacontent</subfield>
			<subfield code="0">http://rdaregistry.info/termList/RDAContentType/1020</subfield>
		</datafield>
		<datafield tag="337" ind1=" " ind2=" ">
			<subfield code="a">unmediated</subfield>
			<subfield code="b">n</subfield>
			<subfield code="2">rdamedia</subfield>
			<subfield code="0">http://rdaregistry.info/termList/RDAMediaType/1007</subfield>
		</datafield>
		<datafield tag="338" ind1=" " ind2=" ">
			<subfield code="a">volume</subfield>
			<subfield code="b">nc</subfield>
			<subfield code="2">rdacarrier</subfield>
			<subfield code="0">http://rdaregistry.info/termList/RDACarrierType/1049</subfield>
		</datafield>
		<datafield tag="590" ind1=" " ind2=" ">
			<subfield code="a"> Hentet fra Libris</subfield>
		</datafield>
		<datafield tag="600" ind1="1" ind2="4">
			<subfield code="a">Hamsun, Knut</subfield>
			<subfield code="d">1859-1952</subfield>
			<subfield code="0">http://viaf.org/viaf/59083692</subfield>
		</datafield>
		<datafield tag="650" ind1=" " ind2="7">
			<subfield code="a">Norske forfattere</subfield>
			<subfield code="y">1800-tallet</subfield>
			<subfield code="y">1900-tallet</subfield>
			<subfield code="2">sao</subfield>
		</datafield>
		<datafield tag="700" ind1="1" ind2=" ">
			<subfield code="a">Sehmsdorf, Henning K.</subfield>
			<subfield code="4">spk</subfield>
			<subfield code="i">Foredragsholder</subfield>
			<subfield code="0">http://viaf.org/viaf/110943071</subfield>
		</datafield>
		<datafield tag="700" ind1="1" ind2=" ">
			<subfield code="a">Mevik, Leif</subfield>
			<subfield code="4">spk</subfield>
			<subfield code="i">Foredragsholder</subfield>
			<subfield code="0">http://viaf.org/viaf/32674853</subfield>
		</datafield>
		<datafield tag="710" ind1="2" ind2=" ">
			<subfield code="a">Hamsun-selskapet</subfield>
			<subfield code="4">pbl</subfield>
		</datafield>
		<datafield tag="710" ind1="2" ind2=" ">
			<subfield code="a">Hamsun-dagene :</subfield>
			<subfield code="c">Hamarøy) :</subfield>
			<subfield code="d">1990.</subfield>
		</datafield>
		<datafield tag="830" ind1=" " ind2="0">
			<subfield code="a">Hamsun-selskapets skriftserie ;</subfield>
			<subfield code="v">3</subfield>
		</datafield>
		<datafield tag="841" ind1=" " ind2=" ">
			<subfield code="5">Q</subfield>
			<subfield code="a">xo a</subfield>
			<subfield code="b">140523||    |||||001a||  |011126</subfield>
			<subfield code="e">1</subfield>
		</datafield>
		<datafield tag="852" ind1="8" ind2=" ">
			<subfield code="5">Q</subfield>
			<subfield code="b">Q</subfield>
			<subfield code="c">mag</subfield>
			<subfield code="h">2014-04415</subfield>
		</datafield>
		<datafield tag="900" ind1="1" ind2="s">
			<subfield code="6">600</subfield>
			<subfield code="a">Gamsun, Knut,</subfield>
			<subfield code="d">1859-1952</subfield>
			<subfield code="u">Hamsun, Knut</subfield>
			<subfield code="d">1859-1952</subfield>
		</datafield>
		<datafield tag="900" ind1="1" ind2="k">
			<subfield code="6">600</subfield>
			<subfield code="a">Thode, Knut,</subfield>
			<subfield code="d">1859-1952</subfield>
			<subfield code="u">Hamsun, Knut</subfield>
			<subfield code="d">1859-1952</subfield>
		</datafield>
		<datafield tag="900" ind1="1" ind2="s">
			<subfield code="6">600</subfield>
			<subfield code="a">Pedersen, Knut,</subfield>
			<subfield code="d">1859-1952</subfield>
			<subfield code="u">Hamsun, Knut</subfield>
			<subfield code="d">1859-1952</subfield>
		</datafield>
		<datafield tag="900" ind1="1" ind2="s">
			<subfield code="6">600</subfield>
			<subfield code="a">, ,</subfield>
			<subfield code="d">1859-1952</subfield>
			<subfield code="u">Hamsun, Knut</subfield>
			<subfield code="d">1859-1952</subfield>
		</datafield>
		<datafield tag="900" ind1="1" ind2="s">
			<subfield code="6">600</subfield>
			<subfield code="a"> </subfield>
			<subfield code="d">1859-1952</subfield>
			<subfield code="u">Hamsun, Knut</subfield>
			<subfield code="d">1859-1952</subfield>
		</datafield>
		<datafield tag="900" ind1="1" ind2="s">
			<subfield code="6">600</subfield>
			<subfield code="a">Hamsun, Kinut</subfield>
			<subfield code="d">1859-1952</subfield>
			<subfield code="u">Hamsun, Knut</subfield>
			<subfield code="d">1859-1952</subfield>
		</datafield>
	</record>