
	<record>
		<leader>02268cam a2200541 i 4500</leader>
		<controlfield tag="001">w55krqv3t867k5jt</controlfield>
		<controlfield tag="003">LIBRIS</controlfield>
		<controlfield tag="005">20181005160908.0</controlfield>
		<controlfield tag="007">t|                     </controlfield>
		<controlfield tag="008">181005s1999    xx#|||||||||||000 f|nor| </controlfield>
		<datafield tag="020" ind1=" " ind2=" ">
			<subfield code="a">8252538460</subfield>
			<subfield code="q">ib.</subfield>
		</datafield>
		<datafield tag="040" ind1=" " ind2=" ">
			<subfield code="a">Um</subfield>
			<subfield code="b">swe</subfield>
			<subfield code="d">Um</subfield>
			<subfield code="e">rda</subfield>
			<subfield code="e">i</subfield>
		</datafield>
		<datafield tag="041" ind1=" " ind2=" ">
			<subfield code="a">nor</subfield>
		</datafield>
		<datafield tag="042" ind1=" " ind2=" ">
			<subfield code="a">norbibl</subfield>
		</datafield>
		<datafield tag="044" ind1=" " ind2=" ">
			<subfield code="c">no</subfield>
		</datafield>
		<datafield tag="082" ind1="0" ind2="4">
			<subfield code="a">839.82/372</subfield>
			<subfield code="2">23/swe</subfield>
		</datafield>
		<datafield tag="100" ind1="1" ind2=" ">
			<subfield code="a">Hamsun, Knut</subfield>
			<subfield code="d">1859-1952</subfield>
			<subfield code="4">aut</subfield>
			<subfield code="0">http://viaf.org/viaf/59083692</subfield>
		</datafield>
		<datafield tag="240" ind1="1" ind2="0">
			<subfield code="a">Konerne ved vandposten</subfield>
			<subfield code="0">http://www.worldcat.org/oclc/461991609</subfield>
		</datafield>
		<datafield tag="245" ind1="1" ind2="0">
			<subfield code="a">Konerne ved vandposten</subfield>
			<subfield code="c">Skrevet av Knut Hamsun, med etterord av Nils Magne Knutsen</subfield>
		</datafield>
		<datafield tag="264" ind1=" " ind2="1">
			<subfield code="a">[Oslo] :</subfield>
			<subfield code="b">Den norske bokklubben,</subfield>
			<subfield code="c">1999</subfield>
		</datafield>
		<datafield tag="336" ind1=" " ind2=" ">
			<subfield code="a">text</subfield>
			<subfield code="b">txt</subfield>
			<subfield code="2">rdacontent</subfield>
		</datafield>
		<datafield tag="337" ind1=" " ind2=" ">
			<subfield code="a">unmediated</subfield>
			<subfield code="b">n</subfield>
			<subfield code="2">rdamedia</subfield>
		</datafield>
		<datafield tag="338" ind1=" " ind2=" ">
			<subfield code="a">volume</subfield>
			<subfield code="b">nc</subfield>
			<subfield code="2">rdacarrier</subfield>
		</datafield>
		<datafield tag="380" ind1=" " ind2=" ">
      			<subfield code="a">Novel</subfield>
      			<subfield code="0">http://id.loc.gov/authorities/genreForms/gf2015026020</subfield>
      			<subfield code="2">LCSH</subfield>
    		</datafield>
		<datafield tag="590" ind1=" " ind2=" ">
			<subfield code="a"> Hentet fra Libris</subfield>
		</datafield>
		<datafield tag="655" ind1=" " ind2="7">
			<subfield code="a">Romaner</subfield>
			<subfield code="0">https://id.kb.se/term/saogf/Romaner</subfield>
			<subfield code="2">saogf</subfield>
		</datafield>
		<datafield tag="655" ind1=" " ind2="4">
			<subfield code="0">https://id.kb.se/marc/Novel</subfield>
		</datafield>
		<datafield tag="841" ind1=" " ind2=" ">
			<subfield code="5">Um</subfield>
			<subfield code="a">x  a</subfield>
			<subfield code="b">181005||0000|||||000||||||000000</subfield>
			<subfield code="e">|</subfield>
		</datafield>
		<datafield tag="852" ind1=" " ind2=" ">
			<subfield code="5">Um</subfield>
			<subfield code="b">Um</subfield>
			<subfield code="h">Roman</subfield>
		</datafield>
		<datafield tag="856" ind1="4" ind2="2">
			<subfield code="3">Beskrivelse fra Forlagssentralen</subfield>
			<subfield code="u">http://content.bibsys.no/content/?type=descr_forlagssentr&amp;isbn=8252538460</subfield>
		</datafield>
		<datafield tag="887" ind1=" " ind2=" ">
			<subfield code="a">{"@id":"w55krqv3t867k5jt","modified":"2018-10-05T16:09:08.031+02:00","checksum":"93710340320"}</subfield>
			<subfield code="2">librisxl</subfield>
		</datafield>
		<datafield tag="887" ind1=" " ind2=" ">
			<subfield code="5">Um</subfield>
			<subfield code="a">{"@id":"2bbqzk7504ps8fp0","modified":"2018-10-05T16:09:15.46+02:00","checksum":"46714512127"}</subfield>
			<subfield code="2">librisxl</subfield>
		</datafield>
		<datafield tag="900" ind1="0" ind2="s">
			<subfield code="6">100</subfield>
			<subfield code="a"> ,</subfield>
			<subfield code="d">1859-1952</subfield>
			<subfield code="u">Hamsun, Knut</subfield>
			<subfield code="d">1859-1952</subfield>
		</datafield>
		<datafield tag="900" ind1="1" ind2="s">
			<subfield code="6">100</subfield>
			<subfield code="a">Gamsun, Knut,</subfield>
			<subfield code="d">1859-1952</subfield>
			<subfield code="u">Hamsun, Knut</subfield>
			<subfield code="d">1859-1952</subfield>
		</datafield>
		<datafield tag="900" ind1="1" ind2="s">
			<subfield code="6">100</subfield>
			<subfield code="a">Pedersen, Knut,</subfield>
			<subfield code="d">1859-1952</subfield>
			<subfield code="u">Hamsun, Knut</subfield>
			<subfield code="d">1859-1952</subfield>
		</datafield>
		<datafield tag="900" ind1="1" ind2="s">
			<subfield code="6">100</subfield>
			<subfield code="a">, ,</subfield>
			<subfield code="d">1859-1952</subfield>
			<subfield code="u">Hamsun, Knut</subfield>
			<subfield code="d">1859-1952</subfield>
		</datafield>
		<datafield tag="900" ind1="1" ind2="s">
			<subfield code="6">100</subfield>
			<subfield code="a">Hamsun, Kinut</subfield>
			<subfield code="d">1859-1952</subfield>
			<subfield code="u">Hamsun, Knut</subfield>
			<subfield code="d">1859-1952</subfield>
		</datafield>
		<datafield tag="900" ind1="1" ind2="k">
			<subfield code="6">100</subfield>
			<subfield code="a">Thode, Knut,</subfield>
			<subfield code="d">1859-1952</subfield>
			<subfield code="u">Hamsun, Knut</subfield>
			<subfield code="d">1859-1952</subfield>
		</datafield>
		<datafield tag="955" ind1=" " ind2="k">
			<subfield code="6">655</subfield>
			<subfield code="w">g</subfield>
			<subfield code="a">Skn̲litteratur</subfield>
			<subfield code="u">Romaner</subfield>
		</datafield>
		<datafield tag="955" ind1=" " ind2="k">
			<subfield code="6">655</subfield>
			<subfield code="w">h</subfield>
			<subfield code="a">Brevromaner</subfield>
			<subfield code="u">Romaner</subfield>
		</datafield>
		<datafield tag="955" ind1=" " ind2="k">
			<subfield code="6">655</subfield>
			<subfield code="w">h</subfield>
			<subfield code="a">Dagboksromaner</subfield>
			<subfield code="u">Romaner</subfield>
		</datafield>
		<datafield tag="955" ind1=" " ind2="k">
			<subfield code="6">655</subfield>
			<subfield code="w">h</subfield>
			<subfield code="a">Kollektivromaner</subfield>
			<subfield code="u">Romaner</subfield>
		</datafield>
		<datafield tag="955" ind1=" " ind2="k">
			<subfield code="6">655</subfield>
			<subfield code="w">h</subfield>
			<subfield code="a">Nyckelromaner</subfield>
			<subfield code="u">Romaner</subfield>
		</datafield>
		<datafield tag="955" ind1=" " ind2="k">
			<subfield code="6">655</subfield>
			<subfield code="w">h</subfield>
			<subfield code="a">Pikareskromaner</subfield>
			<subfield code="u">Romaner</subfield>
		</datafield>
		<datafield tag="955" ind1=" " ind2="k">
			<subfield code="6">655</subfield>
			<subfield code="w">h</subfield>
			<subfield code="a">Serieromaner</subfield>
			<subfield code="u">Romaner</subfield>
		</datafield>
		<datafield tag="955" ind1=" " ind2="k">
			<subfield code="6">655</subfield>
			<subfield code="w">h</subfield>
			<subfield code="a">Utvecklingsromaner</subfield>
			<subfield code="u">Romaner</subfield>
		</datafield>
	</record>