
	<record>
		<leader>03728cam a22007577i 4500</leader>
		<controlfield tag="001">dnn3cn9zbzr4ww8v</controlfield>
		<controlfield tag="003">LIBRIS</controlfield>
		<controlfield tag="005">20181005164010.0</controlfield>
		<controlfield tag="007">ta                     </controlfield>
		<controlfield tag="008">181005s2005    no |||||||||||000 1dnor|d</controlfield>
		<datafield tag="020" ind1=" " ind2=" ">
			<subfield code="a">8205340781</subfield>
			<subfield code="q">ib</subfield>
		</datafield>
		<datafield tag="020" ind1=" " ind2=" ">
			<subfield code="a">9788205340787</subfield>
		</datafield>
		<datafield tag="040" ind1=" " ind2=" ">
			<subfield code="a">Um</subfield>
			<subfield code="b">nob</subfield>
			<subfield code="c">NOBIB</subfield>
			<subfield code="d">Um</subfield>
			<subfield code="e">rda</subfield>
			<subfield code="e">i</subfield>
		</datafield>
		<datafield tag="041" ind1=" " ind2=" ">
			<subfield code="a">nor</subfield>
		</datafield>
		<datafield tag="100" ind1="1" ind2=" ">
			<subfield code="a">Hamsun, Knut</subfield>
			<subfield code="d">1859-1952</subfield>
			<subfield code="4">aut</subfield>
			<subfield code="0">http://viaf.org/viaf/59083692</subfield>
		</datafield>
		<datafield tag="240" ind1="1" ind2="0">
			<subfield code="a">Romaner</subfield>
			<subfield code="k">Urval</subfield>
			<subfield code="0">https://www.wikidata.org/entity/Q63065246</subfield>
		</datafield>
		<datafield tag="245" ind1="1" ind2="0">
			<subfield code="a">Hamsuns beste</subfield>
			<subfield code="c">Knut Hamsun</subfield>
		</datafield>
		<datafield tag="246" ind1="0" ind2=" ">
			<subfield code="i">Undertittel på omslaget</subfield>
			<subfield code="a">ungdomsverker</subfield>
		</datafield>
		<datafield tag="264" ind1=" " ind2="1">
			<subfield code="a">[Oslo] :</subfield>
			<subfield code="b">Gyldendal,</subfield>
			<subfield code="c">2005</subfield>
		</datafield>
		<datafield tag="336" ind1=" " ind2=" ">
			<subfield code="a">tekst</subfield>
			<subfield code="b">txt</subfield>
			<subfield code="2">rdacontent/nob</subfield>
		</datafield>
		<datafield tag="337" ind1=" " ind2=" ">
			<subfield code="a">uformidlet</subfield>
			<subfield code="b">n</subfield>
			<subfield code="2">rdamedia/nob</subfield>
		</datafield>
		<datafield tag="338" ind1=" " ind2=" ">
			<subfield code="a">bind</subfield>
			<subfield code="b">a</subfield>
			<subfield code="b">nc</subfield>
			<subfield code="2">rdacarrier</subfield>
		</datafield>
		<datafield tag="380" ind1=" " ind2=" ">
      			<subfield code="a">Novel</subfield>
      			<subfield code="0">http://id.loc.gov/authorities/genreForms/gf2015026020</subfield>
      			<subfield code="2">LCSH</subfield>
    		</datafield>
		<datafield tag="490" ind1="1" ind2=" ">
			<subfield code="a">Forfatternes beste</subfield>
		</datafield>
		<datafield tag="590" ind1=" " ind2=" ">
			<subfield code="a"> Hentet fra Libris</subfield>
		</datafield>
		<datafield tag="655" ind1=" " ind2="7">
			<subfield code="a">Romaner</subfield>
			<subfield code="0">https://id.kb.se/term/saogf/Romaner</subfield>
			<subfield code="2">saogf</subfield>
		</datafield>
		<datafield tag="655" ind1=" " ind2="7">
			<subfield code="a">Noveller</subfield>
			<subfield code="0">https://id.kb.se/term/saogf/Noveller</subfield>
			<subfield code="2">saogf</subfield>
		</datafield>
		<datafield tag="655" ind1=" " ind2="4">
			<subfield code="0">https://id.kb.se/marc/FictionNotFurtherSpecified</subfield>
		</datafield>
		<datafield tag="655" ind1=" " ind2="4">
			<subfield code="0">https://id.kb.se/marc/ContainsBiographicalInformation</subfield>
		</datafield>
		<datafield tag="700" ind1="1" ind2="2">
			<subfield code="a">Hamsun, Knut</subfield>
			<subfield code="d">1859-1952</subfield>
			<subfield code="t">En ganske alminnelig flue av middels størrelse</subfield>
			<subfield code="0">http://www.wikidata.org/entity/Q63026640</subfield>
		</datafield>
		<datafield tag="700" ind1="1" ind2="2">
			<subfield code="a">Hamsun, Knut</subfield>
			<subfield code="d">1859-1952</subfield>
			<subfield code="t">En erkeskjelm</subfield>
			<subfield code="0">http://www.wikidata.org/entity/Q63026805</subfield>
		</datafield>
		<datafield tag="700" ind1="1" ind2="2">
			<subfield code="a">Hamsun, Knut</subfield>
			<subfield code="d">1859-1952</subfield>
			<subfield code="t">Sult</subfield>
			<subfield code="0">http://viaf.org/viaf/220443771</subfield>
		</datafield>
		<datafield tag="700" ind1="1" ind2="2">
			<subfield code="a">Hamsun, Knut</subfield>
			<subfield code="d">1859-1952</subfield>
			<subfield code="t">Victoria</subfield>
			<subfield code="0">http://viaf.org/viaf/395147270538135700001</subfield>
		</datafield>
		<datafield tag="700" ind1="1" ind2="2">
			<subfield code="a">Hamsun, Knut</subfield>
			<subfield code="d">1859-1952</subfield>
			<subfield code="t">Pan</subfield>
			<subfield code="0">http://viaf.org/viaf/194765531</subfield>
		</datafield>
		<datafield tag="700" ind1="1" ind2="2">
			<subfield code="a">Hamsun, Knut</subfield>
			<subfield code="d">1859-1952</subfield>
			<subfield code="t">Mysterier</subfield>
			<subfield code="0">http://viaf.org/viaf/206863699</subfield>
		</datafield>
		<datafield tag="700" ind1="1" ind2="2">
			<subfield code="a">Hamsun, Knut</subfield>
			<subfield code="d">1859-1952</subfield>
			<subfield code="t">Onde dager</subfield>
			<subfield code="0">https://www.wikidata.org/entity/Q63066148</subfield>
		</datafield>
		<datafield tag="740" ind1="3" ind2=" ">
			<subfield code="a">En ærkeskjælm</subfield>
		</datafield>
		<datafield tag="740" ind1="0" ind2="2">
			<subfield code="a">Onde dage</subfield>
		</datafield>
		<datafield tag="830" ind1=" " ind2="0">
			<subfield code="a">Forfatternes beste</subfield>
		</datafield>
		<datafield tag="841" ind1=" " ind2=" ">
			<subfield code="5">Um</subfield>
			<subfield code="a">x  a</subfield>
			<subfield code="b">181005||0000|||||000||||||000000</subfield>
			<subfield code="e">|</subfield>
		</datafield>
		<datafield tag="852" ind1=" " ind2=" ">
			<subfield code="5">Um</subfield>
			<subfield code="b">Um</subfield>
			<subfield code="h">Roman</subfield>
		</datafield>
		<datafield tag="887" ind1=" " ind2=" ">
			<subfield code="a">{"@id":"dnn3cn9zbzr4ww8v","modified":"2018-10-05T16:40:10.886+02:00","checksum":"121557156158"}</subfield>
			<subfield code="2">librisxl</subfield>
		</datafield>
		<datafield tag="887" ind1=" " ind2=" ">
			<subfield code="5">Um</subfield>
			<subfield code="a">{"@id":"s22hrmw9qx2n8blf","modified":"2018-10-05T16:40:44.062+02:00","checksum":"114478437207"}</subfield>
			<subfield code="2">librisxl</subfield>
		</datafield>
		<datafield tag="900" ind1="0" ind2="s">
			<subfield code="6">100,700,700,700,700,700,700,700</subfield>
			<subfield code="a"> ,</subfield>
			<subfield code="d">1859-1952</subfield>
			<subfield code="u">Hamsun, Knut</subfield>
			<subfield code="d">1859-1952</subfield>
		</datafield>
		<datafield tag="900" ind1="1" ind2="s">
			<subfield code="6">100,700,700,700,700,700,700,700</subfield>
			<subfield code="a">Gamsun, Knut,</subfield>
			<subfield code="d">1859-1952</subfield>
			<subfield code="u">Hamsun, Knut</subfield>
			<subfield code="d">1859-1952</subfield>
		</datafield>
		<datafield tag="900" ind1="1" ind2="s">
			<subfield code="6">100,700,700,700,700,700,700,700</subfield>
			<subfield code="a">Pedersen, Knut,</subfield>
			<subfield code="d">1859-1952</subfield>
			<subfield code="u">Hamsun, Knut</subfield>
			<subfield code="d">1859-1952</subfield>
		</datafield>
		<datafield tag="900" ind1="1" ind2="s">
			<subfield code="6">100,700,700,700,700,700,700,700</subfield>
			<subfield code="a">, ,</subfield>
			<subfield code="d">1859-1952</subfield>
			<subfield code="u">Hamsun, Knut</subfield>
			<subfield code="d">1859-1952</subfield>
		</datafield>
		<datafield tag="900" ind1="1" ind2="s">
			<subfield code="6">100,700,700,700,700,700,700,700</subfield>
			<subfield code="a">Hamsun, Kinut</subfield>
			<subfield code="d">1859-1952</subfield>
			<subfield code="u">Hamsun, Knut</subfield>
			<subfield code="d">1859-1952</subfield>
		</datafield>
		<datafield tag="900" ind1="1" ind2="k">
			<subfield code="6">100,700,700,700,700,700,700,700</subfield>
			<subfield code="a">Thode, Knut,</subfield>
			<subfield code="d">1859-1952</subfield>
			<subfield code="u">Hamsun, Knut</subfield>
			<subfield code="d">1859-1952</subfield>
		</datafield>
		<datafield tag="955" ind1=" " ind2="k">
			<subfield code="6">240,655</subfield>
			<subfield code="w">g</subfield>
			<subfield code="a">Skn̲litteratur</subfield>
			<subfield code="u">Romaner</subfield>
		</datafield>
		<datafield tag="955" ind1=" " ind2="k">
			<subfield code="6">240,655</subfield>
			<subfield code="w">h</subfield>
			<subfield code="a">Brevromaner</subfield>
			<subfield code="u">Romaner</subfield>
		</datafield>
		<datafield tag="955" ind1=" " ind2="k">
			<subfield code="6">240,655</subfield>
			<subfield code="w">h</subfield>
			<subfield code="a">Dagboksromaner</subfield>
			<subfield code="u">Romaner</subfield>
		</datafield>
		<datafield tag="955" ind1=" " ind2="k">
			<subfield code="6">240,655</subfield>
			<subfield code="w">h</subfield>
			<subfield code="a">Kollektivromaner</subfield>
			<subfield code="u">Romaner</subfield>
		</datafield>
		<datafield tag="955" ind1=" " ind2="k">
			<subfield code="6">240,655</subfield>
			<subfield code="w">h</subfield>
			<subfield code="a">Nyckelromaner</subfield>
			<subfield code="u">Romaner</subfield>
		</datafield>
		<datafield tag="955" ind1=" " ind2="k">
			<subfield code="6">240,655</subfield>
			<subfield code="w">h</subfield>
			<subfield code="a">Pikareskromaner</subfield>
			<subfield code="u">Romaner</subfield>
		</datafield>
		<datafield tag="955" ind1=" " ind2="k">
			<subfield code="6">240,655</subfield>
			<subfield code="w">h</subfield>
			<subfield code="a">Serieromaner</subfield>
			<subfield code="u">Romaner</subfield>
		</datafield>
		<datafield tag="955" ind1=" " ind2="k">
			<subfield code="6">240,655</subfield>
			<subfield code="w">h</subfield>
			<subfield code="a">Utvecklingsromaner</subfield>
			<subfield code="u">Romaner</subfield>
		</datafield>
		<datafield tag="955" ind1=" " ind2="s">
			<subfield code="6">655</subfield>
			<subfield code="a">Kortnoveller</subfield>
			<subfield code="u">Noveller</subfield>
		</datafield>
		<datafield tag="955" ind1=" " ind2="k">
			<subfield code="6">655</subfield>
			<subfield code="w">g</subfield>
			<subfield code="a">Skn̲litteratur</subfield>
			<subfield code="u">Noveller</subfield>
		</datafield>
		<datafield tag="955" ind1=" " ind2="k">
			<subfield code="6">655</subfield>
			<subfield code="w">h</subfield>
			<subfield code="a">Kortprosa</subfield>
			<subfield code="u">Noveller</subfield>
		</datafield>
		<datafield tag="955" ind1=" " ind2="k">
			<subfield code="6">655</subfield>
			<subfield code="w">h</subfield>
			<subfield code="a">Ks̄erier</subfield>
			<subfield code="u">Noveller</subfield>
		</datafield>
	</record>