
	<record>
		<leader>00751cim a22002777a 4500</leader>
		<controlfield tag="001">3c7cz0q91p9nnpvm</controlfield>
		<controlfield tag="003">LIBRIS</controlfield>
		<controlfield tag="005">20180829130122.0</controlfield>
		<controlfield tag="007">sd |||||||||||         </controlfield>
		<controlfield tag="008">180829s2006    no nnnne|||||||f  n nor|c</controlfield>
		<datafield tag="024" ind1="7" ind2=" ">
			<subfield code="a">CA38944</subfield>
			<subfield code="2">MTM medienummer</subfield>
		</datafield>
		<datafield tag="035" ind1=" " ind2=" ">
			<subfield code="a">(MTM)CA38944</subfield>
		</datafield>
		<datafield tag="035" ind1=" " ind2=" ">
			<subfield code="5">Mtm</subfield>
			<subfield code="a">(MTM)CA38944</subfield>
		</datafield>
		<datafield tag="040" ind1=" " ind2=" ">
			<subfield code="a">Mtm</subfield>
		</datafield>
		<datafield tag="041" ind1="0" ind2=" ">
			<subfield code="a">nor</subfield>
		</datafield>
		<datafield tag="042" ind1=" " ind2=" ">
			<subfield code="9">Mtm</subfield>
		</datafield>
		<datafield tag="046" ind1=" " ind2=" ">
			<subfield code="a">m</subfield>
			<subfield code="m">20180829</subfield>
			<subfield code="n">20181028</subfield>
		</datafield>
		<datafield tag="100" ind1="1" ind2=" ">
			<subfield code="a">Hamsun, Knut</subfield>
			<subfield code="d">1859-1952</subfield>
			<subfield code="0">http://viaf.org/viaf/59083692</subfield>
			<subfield code="4">aut</subfield>
		</datafield>
		<datafield tag="240" ind1="1" ind2="0">
			<subfield code="a">Markens grøde</subfield>
			<subfield code="0">http://viaf.org/viaf/294124367</subfield>
		</datafield>
		<datafield tag="245" ind1="1" ind2="0">
			<subfield code="a">Markens grøde</subfield>
			<subfield code="h">[Ljudupptagning] /</subfield>
			<subfield code="c">Knut Hamsun</subfield>
		</datafield>
		<datafield tag="264" ind1=" " ind2="1">
			<subfield code="a">Oslo :</subfield>
			<subfield code="b">NLB,</subfield>
			<subfield code="c">2006</subfield>
		</datafield>
		<datafield tag="300" ind1=" " ind2=" ">
			<subfield code="a">1 CD-R (13 tim., 42 min.)</subfield>
		</datafield>
		<datafield tag="336" ind1=" " ind2=" ">
			<subfield code="a">spoken word</subfield>
			<subfield code="b">spw</subfield>
			<subfield code="2">rdacontent</subfield>
			<subfield code="0">http://rdaregistry.info/termList/RDAContentType/1013</subfield>
		</datafield>
		<datafield tag="337" ind1=" " ind2=" ">
			<subfield code="a">audio</subfield>
			<subfield code="b">s</subfield>
			<subfield code="2">rdamedia</subfield>
			<subfield code="0">http://rdaregistry.info/termList/RDAMediaType/1001</subfield>
		</datafield>
		<datafield tag="338" ind1=" " ind2=" ">
			<subfield code="a">audio disc</subfield>
			<subfield code="b">sd</subfield>
			<subfield code="2">rdacarrier</subfield>
			<subfield code="0">http://rdaregistry.info/termList/RDACarrierType/1004</subfield>
		</datafield>
		<datafield tag="380" ind1=" " ind2=" ">
      			<subfield code="a">Novel</subfield>
      			<subfield code="0">http://id.loc.gov/authorities/genreForms/gf2015026020</subfield>
      			<subfield code="2">LCSH</subfield>
    		</datafield>
		<datafield tag="590" ind1=" " ind2=" ">
			<subfield code="a"> Hentet fra Libris</subfield>
		</datafield>
		<datafield tag="653" ind1=" " ind2="0">
			<subfield code="a">Bygderomaner</subfield>
		</datafield>
		<datafield tag="700" ind1="1" ind2=" ">
			<subfield code="a">Kolstad, Andreas</subfield>
			<subfield code="4">nrt</subfield>
			<subfield code="i">Narrator</subfield>
			<subfield code="0">http://viaf.org/viaf/229613184</subfield>
		</datafield>
	</record>