
	<record>
		<leader>02534nam a22006253a 4500</leader>
		<controlfield tag="001">22631812</controlfield>
		<controlfield tag="003">LIBRIS</controlfield>
		<controlfield tag="005">20180501184334.0</controlfield>
		<controlfield tag="007">cr |||   |||||         </controlfield>
		<controlfield tag="008">180501s2018    sw |||||o|||||000 f|eng|d</controlfield>
		<datafield tag="020" ind1=" " ind2=" ">
			<subfield code="a">9789151760711</subfield>
		</datafield>
		<datafield tag="035" ind1=" " ind2=" ">
			<subfield code="a">Elib1066666</subfield>
		</datafield>
		<datafield tag="040" ind1=" " ind2=" ">
			<subfield code="e">a</subfield>
		</datafield>
		<datafield tag="041" ind1=" " ind2=" ">
			<subfield code="a">eng</subfield>
		</datafield>
		<datafield tag="072" ind1=" " ind2="7">
			<subfield code="a">FA</subfield>
			<subfield code="2">bicssc</subfield>
		</datafield>
		<datafield tag="100" ind1="1" ind2=" ">
			<subfield code="a">Hamsun, Knut</subfield>
			<subfield code="d">1859-1952</subfield>
			<subfield code="4">aut</subfield>
			<subfield code="0">http://viaf.org/viaf/59083692</subfield>
		</datafield>
		<datafield tag="240" ind1="1" ind2="0">
			<subfield code="a">Sult</subfield>
			<subfield code="l">English</subfield>
		</datafield>
		<datafield tag="245" ind1="1" ind2="0">
			<subfield code="a">Hunger</subfield>
			<subfield code="h">[Elektronisk ressurs]</subfield>
		</datafield>
		<datafield tag="264" ind1=" " ind2="1">
			<subfield code="b">Reading Classics,</subfield>
			<subfield code="c">2018</subfield>
		</datafield>
		<datafield tag="336" ind1=" " ind2=" ">
			<subfield code="a">text</subfield>
			<subfield code="b">txt</subfield>
			<subfield code="2">rdacontent</subfield>
			<subfield code="0">http://rdaregistry.info/termList/RDAContentType/1020</subfield>
		</datafield>
		<datafield tag="337" ind1=" " ind2=" ">
			<subfield code="a">computer</subfield>
			<subfield code="b">c</subfield>
			<subfield code="2">rdamedia</subfield>
			<subfield code="0">http://rdaregistry.info/termList/RDAMediaType/1003</subfield>
		</datafield>
		<datafield tag="338" ind1=" " ind2=" ">
			<subfield code="a">online resource</subfield>
			<subfield code="b">cr</subfield>
			<subfield code="2">rdacarrier</subfield>
			<subfield code="0">http://rdaregistry.info/termList/RDACarrierType/1018</subfield>
		</datafield>
		<datafield tag="380" ind1=" " ind2=" ">
      			<subfield code="a">Novel</subfield>
      			<subfield code="0">http://id.loc.gov/authorities/genreForms/gf2015026020</subfield>
      			<subfield code="2">LCSH</subfield>
    		</datafield>
		<datafield tag="590" ind1=" " ind2=" ">
			<subfield code="a"> Hentet fra Libris</subfield>
		</datafield>
		<datafield tag="655" ind1=" " ind2="7">
			<subfield code="a">Romaner</subfield>
			<subfield code="0">https://id.kb.se/term/saogf/Romaner</subfield>
			<subfield code="2">saogf</subfield>
		</datafield>
		<datafield tag="655" ind1=" " ind2="4">
			<subfield code="0">https://id.kb.se/marc/Novel</subfield>
		</datafield>
		<datafield tag="655" ind1=" " ind2="4">
			<subfield code="a">E-bøker</subfield>
		</datafield>
		<datafield tag="841" ind1=" " ind2=" ">
			<subfield code="5">Afb</subfield>
			<subfield code="a">x  a</subfield>
			<subfield code="b">180501||0000|||||000||||||000000</subfield>
			<subfield code="e">1</subfield>
		</datafield>
		<datafield tag="841" ind1=" " ind2=" ">
			<subfield code="5">BoE</subfield>
			<subfield code="a">x  a</subfield>
			<subfield code="b">180501||0000|||||000||||||000000</subfield>
			<subfield code="e">1</subfield>
		</datafield>
		<datafield tag="841" ind1=" " ind2=" ">
			<subfield code="5">Elib</subfield>
			<subfield code="a">x  a</subfield>
			<subfield code="b">180501||0000|||||000||||||000000</subfield>
			<subfield code="e">1</subfield>
		</datafield>
		<datafield tag="841" ind1=" " ind2=" ">
			<subfield code="5">Gnes</subfield>
			<subfield code="a">x  a</subfield>
			<subfield code="b">190213||0000|||||000||||||000000</subfield>
			<subfield code="e">1</subfield>
		</datafield>
		<datafield tag="841" ind1=" " ind2=" ">
			<subfield code="5">Gnos</subfield>
			<subfield code="a">x  a</subfield>
			<subfield code="b">180501||0000|||||000||||||000000</subfield>
			<subfield code="e">1</subfield>
		</datafield>
		<datafield tag="841" ind1=" " ind2=" ">
			<subfield code="5">Habo</subfield>
			<subfield code="a">x  a</subfield>
			<subfield code="b">180501||0000|||||000||||||000000</subfield>
			<subfield code="e">1</subfield>
		</datafield>
		<datafield tag="841" ind1=" " ind2=" ">
			<subfield code="5">Hamn</subfield>
			<subfield code="a">x  a</subfield>
			<subfield code="b">180501||0000|||||000||||||000000</subfield>
			<subfield code="e">1</subfield>
		</datafield>
		<datafield tag="841" ind1=" " ind2=" ">
			<subfield code="5">Hasb</subfield>
			<subfield code="a">x  a</subfield>
			<subfield code="b">180501||0000|||||000||||||000000</subfield>
			<subfield code="e">1</subfield>
		</datafield>
		<datafield tag="841" ind1=" " ind2=" ">
			<subfield code="5">Helg</subfield>
			<subfield code="a">x  a</subfield>
			<subfield code="b">180501||0000|||||000||||||000000</subfield>
			<subfield code="e">1</subfield>
		</datafield>
		<datafield tag="841" ind1=" " ind2=" ">
			<subfield code="5">HibE</subfield>
			<subfield code="a">x  a</subfield>
			<subfield code="b">180501||0000|||||000||||||000000</subfield>
			<subfield code="e">1</subfield>
		</datafield>
		<datafield tag="841" ind1=" " ind2=" ">
			<subfield code="5">HsdE</subfield>
			<subfield code="a">x  a</subfield>
			<subfield code="b">180501||0000|||||000||||||000000</subfield>
			<subfield code="e">1</subfield>
		</datafield>
		<datafield tag="841" ind1=" " ind2=" ">
			<subfield code="5">JosE</subfield>
			<subfield code="a">x  a</subfield>
			<subfield code="b">180501||0000|||||000||||||000000</subfield>
			<subfield code="e">1</subfield>
		</datafield>
		<datafield tag="841" ind1=" " ind2=" ">
			<subfield code="5">Leru</subfield>
			<subfield code="a">x  a</subfield>
			<subfield code="b">180501||0000|||||000||||||000000</subfield>
			<subfield code="e">1</subfield>
		</datafield>
		<datafield tag="841" ind1=" " ind2=" ">
			<subfield code="5">Less</subfield>
			<subfield code="a">x  a</subfield>
			<subfield code="b">180501||0000|||||000||||||000000</subfield>
			<subfield code="e">1</subfield>
		</datafield>
		<datafield tag="841" ind1=" " ind2=" ">
			<subfield code="5">Lyck</subfield>
			<subfield code="a">x  a</subfield>
			<subfield code="b">180501||0000|||||000||||||000000</subfield>
			<subfield code="e">1</subfield>
		</datafield>
		<datafield tag="841" ind1=" " ind2=" ">
			<subfield code="5">MoE</subfield>
			<subfield code="a">x  a</subfield>
			<subfield code="b">180501||0000|||||000||||||000000</subfield>
			<subfield code="e">1</subfield>
		</datafield>
		<datafield tag="841" ind1=" " ind2=" ">
			<subfield code="5">Munk</subfield>
			<subfield code="a">x  a</subfield>
			<subfield code="b">180501||0000|||||000||||||000000</subfield>
			<subfield code="e">1</subfield>
		</datafield>
		<datafield tag="841" ind1=" " ind2=" ">
			<subfield code="5">Nass</subfield>
			<subfield code="a">x  a</subfield>
			<subfield code="b">180501||0000|||||000||||||000000</subfield>
			<subfield code="e">1</subfield>
		</datafield>
		<datafield tag="841" ind1=" " ind2=" ">
			<subfield code="5">Nyks</subfield>
			<subfield code="a">x  a</subfield>
			<subfield code="b">180501||0000|||||000||||||000000</subfield>
			<subfield code="e">1</subfield>
		</datafield>
		<datafield tag="841" ind1=" " ind2=" ">
			<subfield code="5">Skkf</subfield>
			<subfield code="a">x  a</subfield>
			<subfield code="b">180501||0000|||||000||||||000000</subfield>
			<subfield code="e">1</subfield>
		</datafield>
		<datafield tag="841" ind1=" " ind2=" ">
			<subfield code="5">Tanu</subfield>
			<subfield code="a">x  a</subfield>
			<subfield code="b">180501||0000|||||000||||||000000</subfield>
			<subfield code="e">1</subfield>
		</datafield>
		<datafield tag="841" ind1=" " ind2=" ">
			<subfield code="5">TimE</subfield>
			<subfield code="a">x  a</subfield>
			<subfield code="b">190111||0000|||||000||||||000000</subfield>
			<subfield code="e">1</subfield>
		</datafield>
		<datafield tag="841" ind1=" " ind2=" ">
			<subfield code="5">Tkb</subfield>
			<subfield code="a">x  a</subfield>
			<subfield code="b">180501||0000|||||000||||||000000</subfield>
			<subfield code="e">1</subfield>
		</datafield>
		<datafield tag="955" ind1=" " ind2="k">
			<subfield code="6">655</subfield>
			<subfield code="w">g</subfield>
			<subfield code="a">Skjønnlitteratur</subfield>
			<subfield code="u">Romaner</subfield>
		</datafield>
		<datafield tag="955" ind1=" " ind2="k">
			<subfield code="6">655</subfield>
			<subfield code="w">h</subfield>
			<subfield code="a">Brevromaner</subfield>
			<subfield code="u">Romaner</subfield>
		</datafield>
		<datafield tag="955" ind1=" " ind2="k">
			<subfield code="6">655</subfield>
			<subfield code="w">h</subfield>
			<subfield code="a">Dagboksromaner</subfield>
			<subfield code="u">Romaner</subfield>
		</datafield>
		<datafield tag="955" ind1=" " ind2="k">
			<subfield code="6">655</subfield>
			<subfield code="w">h</subfield>
			<subfield code="a">Kollektivromaner</subfield>
			<subfield code="u">Romaner</subfield>
		</datafield>
		<datafield tag="955" ind1=" " ind2="k">
			<subfield code="6">655</subfield>
			<subfield code="w">h</subfield>
			<subfield code="a">Nyckelromaner</subfield>
			<subfield code="u">Romaner</subfield>
		</datafield>
		<datafield tag="955" ind1=" " ind2="k">
			<subfield code="6">655</subfield>
			<subfield code="w">h</subfield>
			<subfield code="a">Pikareskromaner</subfield>
			<subfield code="u">Romaner</subfield>
		</datafield>
		<datafield tag="955" ind1=" " ind2="k">
			<subfield code="6">655</subfield>
			<subfield code="w">h</subfield>
			<subfield code="a">Serieromaner</subfield>
			<subfield code="u">Romaner</subfield>
		</datafield>
		<datafield tag="955" ind1=" " ind2="k">
			<subfield code="6">655</subfield>
			<subfield code="w">h</subfield>
			<subfield code="a">Utvecklingsromaner</subfield>
			<subfield code="u">Romaner</subfield>
		</datafield>
	</record>