
	<record>
		<leader>00689nam a22002533a 4500</leader>
		<controlfield tag="001">22622672</controlfield>
		<controlfield tag="003">LIBRIS</controlfield>
		<controlfield tag="005">20180430184546.0</controlfield>
		<controlfield tag="007">cr |||   |||||         </controlfield>
		<controlfield tag="008">180430s2018    sw |||||o|||||000 f|eng|d</controlfield>
		<datafield tag="020" ind1=" " ind2=" ">
			<subfield code="a">9789151760766</subfield>
		</datafield>
		<datafield tag="035" ind1=" " ind2=" ">
			<subfield code="a">Elib1066669</subfield>
		</datafield>
		<datafield tag="040" ind1=" " ind2=" ">
			<subfield code="e">a</subfield>
		</datafield>
		<datafield tag="041" ind1=" " ind2=" ">
			<subfield code="a">eng</subfield>
		</datafield>
		<datafield tag="072" ind1=" " ind2="7">
			<subfield code="a">FA</subfield>
			<subfield code="2">bicssc</subfield>
		</datafield>
		<datafield tag="100" ind1="1" ind2=" ">
			<subfield code="a">Hamsun, Knut</subfield>
			<subfield code="d">1859-1952</subfield>
			<subfield code="4">aut</subfield>
			<subfield code="0">http://viaf.org/viaf/59083692</subfield>
		</datafield>
		<datafield tag="240" ind1="1" ind2="0">
			<subfield code="a">Landstrykere</subfield>
			<subfield code="l">English</subfield>
		</datafield>
		<datafield tag="245" ind1="1" ind2="0">
			<subfield code="a">Wanderers</subfield>
			<subfield code="h">[Elektronisk ressurs]</subfield>
		</datafield>
		<datafield tag="264" ind1=" " ind2="1">
			<subfield code="b">Reading Classics,</subfield>
			<subfield code="c">2018</subfield>
		</datafield>
		<datafield tag="336" ind1=" " ind2=" ">
			<subfield code="a">text</subfield>
			<subfield code="b">txt</subfield>
			<subfield code="2">rdacontent</subfield>
			<subfield code="0">http://rdaregistry.info/termList/RDAContentType/1020</subfield>
		</datafield>
		<datafield tag="337" ind1=" " ind2=" ">
			<subfield code="a">computer</subfield>
			<subfield code="b">c</subfield>
			<subfield code="2">rdamedia</subfield>
			<subfield code="0">http://rdaregistry.info/termList/RDAMediaType/1003</subfield>
		</datafield>
		<datafield tag="338" ind1=" " ind2=" ">
			<subfield code="a">online resource</subfield>
			<subfield code="b">cr</subfield>
			<subfield code="2">rdacarrier</subfield>
			<subfield code="0">http://rdaregistry.info/termList/RDACarrierType/1018</subfield>
		</datafield>
		<datafield tag="380" ind1=" " ind2=" ">
      			<subfield code="a">Novel</subfield>
      			<subfield code="0">http://id.loc.gov/authorities/genreForms/gf2015026020</subfield>
      			<subfield code="2">LCSH</subfield>
    		</datafield>
		<datafield tag="590" ind1=" " ind2=" ">
			<subfield code="a"> Hentet fra Libris</subfield>
		</datafield>
		<datafield tag="655" ind1=" " ind2="7">
			<subfield code="a">Romaner</subfield>
			<subfield code="0">https://id.kb.se/term/saogf/Romaner</subfield>
			<subfield code="2">saogf</subfield>
		</datafield>
		<datafield tag="655" ind1=" " ind2="4">
			<subfield code="0">https://id.kb.se/marc/Novel</subfield>
		</datafield>
		<datafield tag="655" ind1=" " ind2="4">
			<subfield code="a">E-bøker</subfield>
		</datafield>
		<datafield tag="800" ind1="1" ind2=" ">
			<subfield code="a">Hamsun, Knut</subfield>
			<subfield code="t">August</subfield>
			<subfield code="0">http://viaf.org/viaf/3267149068489065730001</subfield>
			<subfield code="v">2</subfield>
			<subfield code="4">http://rdaregistry.info/Elements/w/datatype/sequelWork.en</subfield>
		</datafield>
		<datafield tag="800" ind1="1" ind2=" ">
			<subfield code="a">Hamsun, Knut</subfield>
			<subfield code="t">Men livet lever</subfield>
			<subfield code="0">http://viaf.org/viaf/191146462599827770953</subfield>
			<subfield code="w">144296</subfield>
			<subfield code="v">3</subfield>
			<subfield code="4">http://rdaregistry.info/Elements/w/datatype/sequelWork.en</subfield>
		</datafield>
	</record>