
	<record>
		<leader>01793nim a22004697a 4500</leader>
		<controlfield tag="001">22597513</controlfield>
		<controlfield tag="003">LIBRIS</controlfield>
		<controlfield tag="005">20180420130232.0</controlfield>
		<controlfield tag="007">sd |||||||||||         </controlfield>
		<controlfield tag="008">180420s2018    sw nnnne|||||||f  n swe|c</controlfield>
		<datafield tag="024" ind1="7" ind2=" ">
			<subfield code="a">CA37808</subfield>
			<subfield code="2">MTM medienummer</subfield>
		</datafield>
		<datafield tag="035" ind1=" " ind2=" ">
			<subfield code="a">(MTM)CA37808</subfield>
		</datafield>
		<datafield tag="035" ind1=" " ind2=" ">
			<subfield code="5">Mtm</subfield>
			<subfield code="a">(MTM)CA37808</subfield>
		</datafield>
		<datafield tag="040" ind1=" " ind2=" ">
			<subfield code="a">Mtm</subfield>
		</datafield>
		<datafield tag="041" ind1="1" ind2=" ">
			<subfield code="a">swe</subfield>
			<subfield code="h">nor</subfield>
		</datafield>
		<datafield tag="042" ind1=" " ind2=" ">
			<subfield code="9">Mtm</subfield>
		</datafield>
		<datafield tag="046" ind1=" " ind2=" ">
			<subfield code="a">m</subfield>
			<subfield code="m">20180420</subfield>
			<subfield code="n">20180619</subfield>
		</datafield>
		<datafield tag="082" ind1="0" ind2="4">
			<subfield code="a">839.78</subfield>
			<subfield code="2">22 (machine generated)</subfield>
		</datafield>
		<datafield tag="084" ind1=" " ind2=" ">
			<subfield code="a">Hcedb.01/TC</subfield>
			<subfield code="2">kssb/8</subfield>
		</datafield>
		<datafield tag="100" ind1="1" ind2=" ">
			<subfield code="a">Hamsun, Knut</subfield>
			<subfield code="d">1859-1952</subfield>
			<subfield code="0">http://viaf.org/viaf/59083692</subfield>
			<subfield code="4">aut</subfield>
		</datafield>
		<datafield tag="240" ind1="1" ind2="0">
			<subfield code="a">Benoni</subfield>
			<subfield code="l">Swedish</subfield>
		</datafield>
		<datafield tag="245" ind1="1" ind2="0">
			<subfield code="a">Benoni</subfield>
			<subfield code="h">[Ljudupptagning] /</subfield>
			<subfield code="c">Knut Hamsun ; till svenska av Harry Blomberg</subfield>
		</datafield>
		<datafield tag="249" ind1=" " ind2="0">
			<subfield code="a">Benoni (norska)</subfield>
		</datafield>
		<datafield tag="264" ind1=" " ind2="1">
			<subfield code="a">Johanneshov :</subfield>
			<subfield code="b">MTM,</subfield>
			<subfield code="c">2018</subfield>
		</datafield>
		<datafield tag="300" ind1=" " ind2=" ">
			<subfield code="a">1 CD-R (7 tim., 31 min.)</subfield>
		</datafield>
		<datafield tag="336" ind1=" " ind2=" ">
			<subfield code="a">spoken word</subfield>
			<subfield code="b">spw</subfield>
			<subfield code="2">rdacontent</subfield>
			<subfield code="0">http://rdaregistry.info/termList/RDAContentType/1013</subfield>
		</datafield>
		<datafield tag="337" ind1=" " ind2=" ">
			<subfield code="a">audio</subfield>
			<subfield code="b">s</subfield>
			<subfield code="2">rdamedia</subfield>
			<subfield code="0">http://rdaregistry.info/termList/RDAMediaType/1001</subfield>
		</datafield>
		<datafield tag="338" ind1=" " ind2=" ">
			<subfield code="a">audio disc</subfield>
			<subfield code="b">sd</subfield>
			<subfield code="2">rdacarrier</subfield>
			<subfield code="0">http://rdaregistry.info/termList/RDACarrierType/1004</subfield>
		</datafield>
		<datafield tag="380" ind1=" " ind2=" ">
      			<subfield code="a">Novel</subfield>
      			<subfield code="0">http://id.loc.gov/authorities/genreForms/gf2015026020</subfield>
      			<subfield code="2">LCSH</subfield>
    		</datafield>
		<datafield tag="590" ind1=" " ind2=" ">
			<subfield code="a"> Hentet fra Libris</subfield>
		</datafield>
		<datafield tag="700" ind1="1" ind2=" ">
			<subfield code="a">Blomberg, Harry</subfield>
			<subfield code="4">trl</subfield>
			<subfield code="i">Oversetter</subfield>
			<subfield code="0">http://viaf.org/viaf/57058238</subfield>
		</datafield>
		<datafield tag="700" ind1="1" ind2=" ">
			<subfield code="a">Mattsson, Peter</subfield>
			<subfield code="4">nrt</subfield>
			<subfield code="i">Narrator</subfield>
			<subfield code="0">http://viaf.org/viaf/4080149198332474940003</subfield>
		</datafield>
		<datafield tag="776" ind1="0" ind2="8">
			<subfield code="i">Inläst ur</subfield>
			<subfield code="t">Benoni</subfield>
		</datafield>
		<datafield tag="800" ind1="1" ind2=" ">
			<subfield code="a">Hamsun, Knut</subfield>
			<subfield code="t">Rosa</subfield>
			<subfield code="v">2</subfield>
			<subfield code="w">24599</subfield>
			<subfield code="0">http://viaf.org/viaf/1196155411321508940005</subfield>
			<subfield code="4">http://rdaregistry.info/Elements/w/datatype/sequelWork.en</subfield>
		</datafield>
		<datafield tag="841" ind1=" " ind2=" ">
			<subfield code="5">Mtm</subfield>
			<subfield code="a">x  a</subfield>
			<subfield code="b">180420||0000|||||000||||||000000</subfield>
			<subfield code="e">1</subfield>
		</datafield>
		<datafield tag="852" ind1=" " ind2=" ">
			<subfield code="5">Mtm</subfield>
			<subfield code="b">Mtm</subfield>
			<subfield code="h">Hce/TC</subfield>
		</datafield>
		<datafield tag="856" ind1=" " ind2=" ">
			<subfield code="s">163306000</subfield>
		</datafield>
		<datafield tag="856" ind1="4" ind2="0">
			<subfield code="5">Mtm</subfield>
			<subfield code="u">http://www.legimus.se/work/redirect?MedieNr=CA37808</subfield>
			<subfield code="z">Ladda ner. Tillgñglig fr̲ personer med ls̃nedst̃tning enligt ʹ 17 Upphovsrt̃tslagen</subfield>
		</datafield>
		<datafield tag="886" ind1="0" ind2=" ">
			<subfield code="2">BURK IV</subfield>
			<subfield code="b">KICASWSW0190SWES BD</subfield>
		</datafield>
		<datafield tag="887" ind1=" " ind2=" ">
			<subfield code="a">009</subfield>
			<subfield code="2">BURK IV</subfield>
			<subfield code="o">01</subfield>
		</datafield>
		<datafield tag="887" ind1=" " ind2=" ">
			<subfield code="a">{"@id":"3mfwzcrf4mttqh0","modified":"2018-04-20T13:02:32+02:00","checksum":"61147840546"}</subfield>
			<subfield code="2">librisxl</subfield>
		</datafield>
		<datafield tag="887" ind1=" " ind2=" ">
			<subfield code="5">Mtm</subfield>
			<subfield code="a">{"@id":"pt2j123v2xgnv18","modified":"2018-06-27T09:23:56.551+02:00","checksum":"-12863313838"}</subfield>
			<subfield code="2">librisxl</subfield>
		</datafield>
	</record>