
	<record>
		<leader>00556cam a22001937a 4500</leader>
		<controlfield tag="001">22282474</controlfield>
		<controlfield tag="003">LIBRIS</controlfield>
		<controlfield tag="005">20180314090039.0</controlfield>
		<controlfield tag="008">180116s2009    no  ||||||||| 000 1|nor c</controlfield>
		<datafield tag="020" ind1=" " ind2=" ">
			<subfield code="a">978-82-05-39482-7</subfield>
		</datafield>
		<datafield tag="035" ind1=" " ind2=" ">
			<subfield code="a">(Adlibris)9788205394827</subfield>
		</datafield>
		<datafield tag="100" ind1="1" ind2=" ">
			<subfield code="a">Hamsun, Knut</subfield>
			<subfield code="d">1859-1952</subfield>
			<subfield code="0">http://viaf.org/viaf/59083692</subfield>
			<subfield code="4">aut</subfield>
		</datafield>
		<datafield tag="240" ind1="1" ind2="0">
			<subfield code="a">Pan</subfield>
			<subfield code="0">http://viaf.org/viaf/194765531</subfield>
		</datafield>
		<datafield tag="245" ind1="1" ind2="0">
			<subfield code="a">Pan</subfield>
			<subfield code="c">Skrevet av Knut Hamsun</subfield>
		</datafield>
		<datafield tag="260" ind1=" " ind2=" ">
			<subfield code="a">Oslo :</subfield>
			<subfield code="b">Gyldendal,</subfield>
			<subfield code="c">2009</subfield>
		</datafield>
		<datafield tag="336" ind1=" " ind2=" ">
			<subfield code="a">text</subfield>
			<subfield code="b">txt</subfield>
			<subfield code="2">rdacontent</subfield>
			<subfield code="0">http://rdaregistry.info/termList/RDAContentType/1020</subfield>
		</datafield>
		<datafield tag="337" ind1=" " ind2=" ">
			<subfield code="a">unmediated</subfield>
			<subfield code="b">n</subfield>
			<subfield code="2">rdamedia</subfield>
			<subfield code="0">http://rdaregistry.info/termList/RDAMediaType/1007</subfield>
		</datafield>
		<datafield tag="338" ind1=" " ind2=" ">
			<subfield code="a">volume</subfield>
			<subfield code="b">nc</subfield>
			<subfield code="2">rdacarrier</subfield>
			<subfield code="0">http://rdaregistry.info/termList/RDACarrierType/1049</subfield>
		</datafield>
		<datafield tag="380" ind1=" " ind2=" ">
      			<subfield code="a">Novel</subfield>
      			<subfield code="0">http://id.loc.gov/authorities/genreForms/gf2015026020</subfield>
      			<subfield code="2">LCSH</subfield>
    		</datafield>
		<datafield tag="590" ind1=" " ind2=" ">
			<subfield code="a"> Hentet fra Libris</subfield>
		</datafield>
		<datafield tag="841" ind1=" " ind2=" ">
			<subfield code="5">Htut</subfield>
			<subfield code="a">x aa</subfield>
			<subfield code="b">180116||0000|||||000||||||000000</subfield>
			<subfield code="e">n</subfield>
		</datafield>
		<datafield tag="852" ind1="1" ind2=" ">
			<subfield code="5">Htut</subfield>
			<subfield code="b">Htut</subfield>
			<subfield code="h">839.8236</subfield>
			<subfield code="l">Hamsun</subfield>
			<subfield code="x">20180116</subfield>
		</datafield>
	</record>