
	<record>
		<leader>01387nam a22004095a 4500</leader>
		<controlfield tag="001">21202515</controlfield>
		<controlfield tag="003">LIBRIS</controlfield>
		<controlfield tag="005">20170824213532.0</controlfield>
		<controlfield tag="007">cr||||||||||||</controlfield>
		<controlfield tag="008">170824uuuuuuuuuxx |||| o    |||| 0|und d</controlfield>
		<datafield tag="020" ind1=" " ind2=" ">
			<subfield code="z">978-0-8262-6323-0 (Print)</subfield>
		</datafield>
		<datafield tag="035" ind1=" " ind2=" ">
			<subfield code="a">(ALMA)991000900506203631</subfield>
		</datafield>
		<datafield tag="035" ind1=" " ind2=" ">
			<subfield code="5">AlbE</subfield>
			<subfield code="a">(ALMA)991000900506203631</subfield>
		</datafield>
		<datafield tag="035" ind1=" " ind2=" ">
			<subfield code="5">Hibd</subfield>
			<subfield code="a">(ALMA)993455348603662</subfield>
		</datafield>
		<datafield tag="035" ind1=" " ind2=" ">
			<subfield code="5">LnuE</subfield>
			<subfield code="a">(ALMA)996950158803661</subfield>
		</datafield>
		<datafield tag="035" ind1=" " ind2=" ">
			<subfield code="5">Mdhd</subfield>
			<subfield code="a">(ALMA)991001001489203211</subfield>
		</datafield>
		<datafield tag="035" ind1=" " ind2=" ">
			<subfield code="5">Odig</subfield>
			<subfield code="a">(ALMA)999341070703663</subfield>
		</datafield>
		<datafield tag="100" ind1="1" ind2=" ">
			<subfield code="a">Hamsun, Knut</subfield>
			<subfield code="d">1859-1952</subfield>
			<subfield code="0">http://viaf.org/viaf/59083692</subfield>
			<subfield code="4">aut</subfield>
		</datafield>
		<datafield tag="240" ind1="1" ind2="0">
			<subfield code="a">Knut Hamsun Remembers America : Essays and Stories, 1885-1949</subfield>
			<subfield code="0">http://www.worldcat.org/oclc/928436880</subfield>
		</datafield>
		<datafield tag="245" ind1="1" ind2="0">
			<subfield code="a">Knut Hamsun Remembers America : Essays and Stories, 1885-1949</subfield>
			<subfield code="h">[Elektronisk ressurs]</subfield>
		</datafield>
		<datafield tag="336" ind1=" " ind2=" ">
			<subfield code="a">text</subfield>
			<subfield code="b">txt</subfield>
			<subfield code="2">rdacontent</subfield>
			<subfield code="0">http://rdaregistry.info/termList/RDAContentType/1020</subfield>
		</datafield>
		<datafield tag="337" ind1=" " ind2=" ">
			<subfield code="a">computer</subfield>
			<subfield code="b">c</subfield>
			<subfield code="2">rdamedia</subfield>
			<subfield code="0">http://rdaregistry.info/termList/RDAMediaType/1003</subfield>
		</datafield>
		<datafield tag="338" ind1=" " ind2=" ">
			<subfield code="a">online resource</subfield>
			<subfield code="b">cr</subfield>
			<subfield code="2">rdacarrier</subfield>
			<subfield code="0">http://rdaregistry.info/termList/RDACarrierType/1018</subfield>
		</datafield>
		<datafield tag="590" ind1=" " ind2=" ">
			<subfield code="a"> Hentet fra Libris</subfield>
		</datafield>
		<datafield tag="776" ind1="0" ind2="8">
			<subfield code="i">Print</subfield>
			<subfield code="t">Knut Hamsun Remembers America : Essays and Stories, 1885-1949 [electronic resource]</subfield>
			<subfield code="z">9780826263230</subfield>
		</datafield>
		<datafield tag="841" ind1=" " ind2=" ">
			<subfield code="5">AlbE</subfield>
			<subfield code="a">x  a</subfield>
			<subfield code="b">170822||0000|||||001||||||000000</subfield>
			<subfield code="e">1</subfield>
		</datafield>
		<datafield tag="841" ind1=" " ind2=" ">
			<subfield code="5">Hibd</subfield>
			<subfield code="a">x  a</subfield>
			<subfield code="b">170831||0000|||||001||||||000000</subfield>
			<subfield code="e">1</subfield>
		</datafield>
		<datafield tag="841" ind1=" " ind2=" ">
			<subfield code="5">LnuE</subfield>
			<subfield code="a">x  a</subfield>
			<subfield code="b">170831||0000|||||001||||||000000</subfield>
			<subfield code="e">1</subfield>
		</datafield>
		<datafield tag="841" ind1=" " ind2=" ">
			<subfield code="5">Mdhd</subfield>
			<subfield code="a">x  a</subfield>
			<subfield code="b">180102||0000|||||001||||||000000</subfield>
			<subfield code="e">1</subfield>
		</datafield>
		<datafield tag="841" ind1=" " ind2=" ">
			<subfield code="5">Odig</subfield>
			<subfield code="a">x  a</subfield>
			<subfield code="b">180327||0000|||||001||||||000000</subfield>
			<subfield code="e">1</subfield>
		</datafield>
		<datafield tag="852" ind1=" " ind2=" ">
			<subfield code="5">AlbE</subfield>
			<subfield code="b">AlbE</subfield>
		</datafield>
		<datafield tag="852" ind1=" " ind2=" ">
			<subfield code="5">Hibd</subfield>
			<subfield code="b">Hibd</subfield>
		</datafield>
		<datafield tag="852" ind1=" " ind2=" ">
			<subfield code="5">LnuE</subfield>
			<subfield code="b">LnuE</subfield>
		</datafield>
		<datafield tag="852" ind1=" " ind2=" ">
			<subfield code="5">Mdhd</subfield>
			<subfield code="b">Mdhd</subfield>
		</datafield>
		<datafield tag="852" ind1=" " ind2=" ">
			<subfield code="5">Odig</subfield>
			<subfield code="b">Odig</subfield>
		</datafield>
	</record>