
	<record>
		<leader>02031nam a20004094500   </leader>
		<controlfield tag="001">108065</controlfield>
		<controlfield tag="008">960326 a 0 10mul 2 </controlfield>
		<datafield tag="015" ind1=" " ind2=" ">
			<subfield code="a">546899</subfield>
			<subfield code="b">BibliofilID</subfield>
		</datafield>
		<datafield tag="019" ind1=" " ind2=" ">
			<subfield code="b">l</subfield>
			<subfield code="d">NA</subfield>
		</datafield>
		<datafield tag="020" ind1=" " ind2=" ">
			<subfield code="a">82-05-23842-1</subfield>
			<subfield code="b">ib.</subfield>
		</datafield>
		<datafield tag="041" ind1=" " ind2=" ">
			<subfield code="a">nnonob</subfield>
		</datafield>
		<datafield tag="240" ind1="1" ind2="0">
			<subfield code="a">Gullaldernoveller</subfield>
			<subfield code="0">http://www.worldcat.org/oclc/469339695</subfield>
		</datafield>
		<datafield tag="245" ind1="0" ind2="0">
			<subfield code="a">Gullaldernoveller</subfield>
			<subfield code="c">i utvalg ved Øystein Lønn</subfield>
		</datafield>
		<datafield tag="260" ind1=" " ind2=" ">
			<subfield code="a">Oslo</subfield>
			<subfield code="b">Gyldendal</subfield>
			<subfield code="c">1996</subfield>
		</datafield>
		<datafield tag="336" ind1=" " ind2=" ">
			<subfield code="a">text</subfield>
			<subfield code="b">txt</subfield>
			<subfield code="2">rdacontent</subfield>
			<subfield code="0">http://rdaregistry.info/termList/RDAContentType/1020</subfield>
		</datafield>
		<datafield tag="337" ind1=" " ind2=" ">
			<subfield code="a">unmediated</subfield>
			<subfield code="b">n</subfield>
			<subfield code="2">rdamedia</subfield>
			<subfield code="0">http://rdaregistry.info/termList/RDAMediaType/1007</subfield>
		</datafield>
		<datafield tag="338" ind1=" " ind2=" ">
			<subfield code="a">volume</subfield>
			<subfield code="b">nc</subfield>
			<subfield code="2">rdacarrier</subfield>
			<subfield code="0">http://rdaregistry.info/termList/RDACarrierType/1049</subfield>
		</datafield>
		<datafield tag="590" ind1=" " ind2=" ">
			<subfield code="a">Hentet fra Bergen offentlige bibliotek</subfield>
		</datafield>
		<datafield tag="700" ind1=" " ind2="0">
			<subfield code="a">Lønn, Øystein</subfield>
			<subfield code="d">1936-</subfield>
			<subfield code="j">n.</subfield>
			<subfield code="e">red.</subfield>
			<subfield code="i">Redaktør</subfield>
			<subfield code="4">edt</subfield>
			<subfield code="0">http://viaf.org/viaf/84141492</subfield>
		</datafield>
		<datafield tag="700" ind1=" " ind2="2">
			<subfield code="a">Bjørnson, Bjørnstjerne</subfield>
			<subfield code="d">1832-1910</subfield>
			<subfield code="j">n.</subfield>
			<subfield code="e">Forf.-t.</subfield>
			<subfield code="t">En livsgaade</subfield>
			<subfield code="u">livsgaade</subfield>
			<subfield code="0">https://www.wikidata.org/entity/Q63073916</subfield>
		</datafield>
		<datafield tag="700" ind1=" " ind2="2">
			<subfield code="a">Bjørnson, Bjørnstjerne</subfield>
			<subfield code="d">1832-1910</subfield>
			<subfield code="j">n.</subfield>
			<subfield code="e">Forf.-t.</subfield>
			<subfield code="t">Et stygt barndomsminde</subfield>
			<subfield code="u">stygt barndomsminde</subfield>
			<subfield code="0">https://www.wikidata.org/entity/Q63073957</subfield>
		</datafield>
		<datafield tag="700" ind1=" " ind2="2">
			<subfield code="a">Bjørnson, Bjørnstjerne</subfield>
			<subfield code="d">1832-1910</subfield>
			<subfield code="j">n.</subfield>
			<subfield code="e">Forf.-t.</subfield>
			<subfield code="t">Faderen</subfield>
			<subfield code="0">https://www.wikidata.org/entity/Q11968351</subfield>
		</datafield>
		<datafield tag="700" ind1=" " ind2="2">
			<subfield code="a">Bjørnson, Bjørnstjerne</subfield>
			<subfield code="d">1832-1910</subfield>
			<subfield code="j">n.</subfield>
			<subfield code="e">Forf.-t.</subfield>
			<subfield code="t">Thrond</subfield>
			<subfield code="0">https://www.wikidata.org/entity/Q63073994</subfield>
		</datafield>
		<datafield tag="700" ind1=" " ind2="2">
			<subfield code="a">Elster, Kristian</subfield>
			<subfield code="d">1881-1947</subfield>
			<subfield code="j">n.</subfield>
			<subfield code="e">Forf.-t.</subfield>
			<subfield code="t">Kjeld Horge</subfield>
			<subfield code="0">https://www.wikidata.org/entity/Q63074033</subfield>
		</datafield>
		<datafield tag="700" ind1=" " ind2="2">
			<subfield code="a">Garborg, Arne</subfield>
			<subfield code="d">1851-1924</subfield>
			<subfield code="j">n.</subfield>
			<subfield code="e">Forf.-t.</subfield>
			<subfield code="t">Stordaad</subfield>
			<subfield code="0">https://www.wikidata.org/entity/Q63074058</subfield>
		</datafield>
		<datafield tag="700" ind1=" " ind2="2">
			<subfield code="a">Hamsun, Knut</subfield>
			<subfield code="d">1859-1952</subfield>
			<subfield code="j">n.</subfield>
			<subfield code="e">Forf.-t.</subfield>
			<subfield code="t">Kjærlighetens slaver</subfield>
			<subfield code="0">http://viaf.org/viaf/2840154387140130970009</subfield>
		</datafield>
		<datafield tag="700" ind1=" " ind2="2">
			<subfield code="a">Hamsun, Knut</subfield>
			<subfield code="d">1859-1952</subfield>
			<subfield code="j">n.</subfield>
			<subfield code="e">Forf.-t.</subfield>
			<subfield code="t">Livets røst</subfield>
			<subfield code="0">https://www.wikidata.org/entity/Q63074093</subfield>
		</datafield>
	</record>