
	<record>
		<leader>01485nam a20004214500   </leader>
		<controlfield tag="001">309271</controlfield>
		<controlfield tag="008">060519 a nob 9</controlfield>
		<datafield tag="015" ind1=" " ind2=" ">
			<subfield code="a">1687541</subfield>
			<subfield code="b">BibliofilID</subfield>
		</datafield>
		<datafield tag="019" ind1=" " ind2=" ">
			<subfield code="b">da,dg</subfield>
		</datafield>
		<datafield tag="028" ind1="3" ind2=" ">
			<subfield code="a">LPNES 306</subfield>
			<subfield code="b">RCA</subfield>
		</datafield>
		<datafield tag="100" ind1=" " ind2="0">
			<subfield code="a">Grimstad, Birgitte</subfield>
			<subfield code="d">1935-</subfield>
			<subfield code="j">d.-n.</subfield>
			<subfield code="4">sng</subfield>
			<subfield code="0">http://viaf.org/viaf/80003535</subfield>
		</datafield>
		<datafield tag="240" ind1="1" ind2="0">
			<subfield code="a">Nordlysun : Birgitte Grimstad synger Geirr Tveitt</subfield>
			<subfield code="0">http://www.worldcat.org/oclc/900163540</subfield>
		</datafield>
		<datafield tag="245" ind1="1" ind2="0">
			<subfield code="a">Nordlysun</subfield>
			<subfield code="h">lydopptak</subfield>
			<subfield code="b">Birgitte Grimstad synger Geirr Tveitt</subfield>
		</datafield>
		<datafield tag="260" ind1=" " ind2=" ">
			<subfield code="a">Norge</subfield>
			<subfield code="b">RCA</subfield>
			<subfield code="c">1972</subfield>
		</datafield>
		<datafield tag="300" ind1=" " ind2=" ">
			<subfield code="a">1 LP</subfield>
			<subfield code="e">tekstark</subfield>
		</datafield>
		<datafield tag="336" ind1=" " ind2=" ">
			<subfield code="a">performed music</subfield>
			<subfield code="b">prm</subfield>
			<subfield code="2">rdacontent</subfield>
			<subfield code="0">http://rdaregistry.info/termList/RDAContentType/1011</subfield>
		</datafield>
		<datafield tag="337" ind1=" " ind2=" ">
			<subfield code="a">audio</subfield>
			<subfield code="b">s</subfield>
			<subfield code="2">rdamedia</subfield>
			<subfield code="0">http://rdaregistry.info/termList/RDAMediaType/1001</subfield>
		</datafield>
		<datafield tag="338" ind1=" " ind2=" ">
			<subfield code="a">audio disc</subfield>
			<subfield code="b">sd</subfield>
			<subfield code="2">rdacarrier</subfield>
			<subfield code="0">http://rdaregistry.info/termList/RDACarrierType/1004</subfield>
		</datafield>
		<datafield tag="590" ind1=" " ind2=" ">
			<subfield code="a">Hentet fra Bergen offentlige bibliotek</subfield>
		</datafield>
		<datafield tag="652" ind1=" " ind2=" ">
			<subfield code="a">pop</subfield>
		</datafield>
		<datafield tag="652" ind1=" " ind2=" ">
			<subfield code="a">viser og sanger</subfield>
		</datafield>
		<datafield tag="700" ind1="1" ind2="0">
			<subfield code="a">Hamsun, Knut</subfield>
			<subfield code="d">1859-1952</subfield>
			<subfield code="i">http://rdaregistry.info/Elements/w/datatype/transformationByGenreOf.en</subfield>
			<subfield code="t">Tonen</subfield>
			<subfield code="0">http://www.worldcat.org/oclc/873549004</subfield>
		</datafield>
		<datafield tag="700" ind1="1" ind2="0">
			<subfield code="a">Sundström, Andy</subfield>
			<subfield code="0">http://viaf.org/viaf/8145971376432330475</subfield>
		</datafield>
		<datafield tag="700" ind1="1" ind2="0">
			<subfield code="a">Tveitt, Geirr</subfield>
			<subfield code="d">1908-1981</subfield>
			<subfield code="j">n.</subfield>
			<subfield code="e">komp.</subfield>
			<subfield code="i">Komponist</subfield>
			<subfield code="4">cmp</subfield>
			<subfield code="0">http://viaf.org/viaf/12497911</subfield>
		</datafield>
		<datafield tag="700" ind1="1" ind2="0">
			<subfield code="a">Vesaas, Tarjei</subfield>
			<subfield code="d">1897-1970</subfield>
			<subfield code="j">n.</subfield>
			<subfield code="w">Vesås, Tarjei</subfield>
			<subfield code="e">forf.</subfield>
			<subfield code="i">Forfatter</subfield>
			<subfield code="4">aut</subfield>
			<subfield code="0">http://viaf.org/viaf/32004086</subfield>
		</datafield>
		<datafield tag="740" ind1="0" ind2="2">
			<subfield code="a">Barnet og kista</subfield>
		</datafield>
		<datafield tag="740" ind1="0" ind2="2">
			<subfield code="a">Møtet på fjellet</subfield>
		</datafield>
		<datafield tag="740" ind1="0" ind2="2">
			<subfield code="a">Natta, Gunnar og bjørka</subfield>
		</datafield>
		<datafield tag="740" ind1="0" ind2="2">
			<subfield code="a">Skinnvengbrev</subfield>
		</datafield>
		<datafield tag="740" ind1="0" ind2="2">
			<subfield code="a">Sko, sko hirdmands hest</subfield>
		</datafield>
		<datafield tag="740" ind1="0" ind2="2">
			<subfield code="a">Svara meg mi harpe</subfield>
		</datafield>
		<datafield tag="740" ind1="0" ind2="2">
			<subfield code="a">To</subfield>
		</datafield>
		<datafield tag="740" ind1="0" ind2="2">
			<subfield code="a">Tonen</subfield>
		</datafield>
		<datafield tag="740" ind1="0" ind2="2">
			<subfield code="a">Vaka og vente</subfield>
		</datafield>
		<datafield tag="740" ind1="0" ind2="2">
			<subfield code="a">Vise</subfield>
		</datafield>
		<datafield tag="740" ind1="2" ind2="2">
			<subfield code="a">I hasseldokk</subfield>
			<subfield code="w">hasseldokk</subfield>
		</datafield>
		<datafield tag="740" ind1="4" ind2="2">
			<subfield code="a">Det stusslege rommet</subfield>
			<subfield code="w">stusslege rommet</subfield>
		</datafield>
	</record>