
	<record>
		<leader>00909nam a20002054500   </leader>
		<controlfield tag="001">52238</controlfield>
		<controlfield tag="008">930525 a 0 0 nob 9 </controlfield>
		<datafield tag="015" ind1=" " ind2=" ">
			<subfield code="a">146034</subfield>
			<subfield code="b">BibliofilID</subfield>
		</datafield>
		<datafield tag="019" ind1=" " ind2=" ">
			<subfield code="b">l</subfield>
		</datafield>
		<datafield tag="100" ind1=" " ind2=" ">
			<subfield code="a">Hamsun, Knut</subfield>
			<subfield code="d">1859-1952</subfield>
			<subfield code="j">n.</subfield>
			<subfield code="0">http://viaf.org/viaf/59083692</subfield>
			<subfield code="4">aut</subfield>
		</datafield>
		<datafield tag="240" ind1="1" ind2="0">
			<subfield code="a">Artikler 1889-1928</subfield>
			<subfield code="0">http://www.worldcat.org/oclc/833872647</subfield>
		</datafield>
		<datafield tag="245" ind1="1" ind2="0">
			<subfield code="a">Artikler 1889-1928</subfield>
			<subfield code="b">1889-1928</subfield>
			<subfield code="c">Knut Hamsun ; utvalg ved Francis Bull</subfield>
		</datafield>
		<datafield tag="250" ind1=" " ind2=" ">
			<subfield code="a">2. utg.</subfield>
		</datafield>
		<datafield tag="260" ind1=" " ind2=" ">
			<subfield code="a">Oslo</subfield>
			<subfield code="b">Gyldendal</subfield>
			<subfield code="c">1965</subfield>
		</datafield>
		<datafield tag="336" ind1=" " ind2=" ">
			<subfield code="a">text</subfield>
			<subfield code="b">txt</subfield>
			<subfield code="2">rdacontent</subfield>
			<subfield code="0">http://rdaregistry.info/termList/RDAContentType/1020</subfield>
		</datafield>
		<datafield tag="337" ind1=" " ind2=" ">
			<subfield code="a">unmediated</subfield>
			<subfield code="b">n</subfield>
			<subfield code="2">rdamedia</subfield>
			<subfield code="0">http://rdaregistry.info/termList/RDAMediaType/1007</subfield>
		</datafield>
		<datafield tag="338" ind1=" " ind2=" ">
			<subfield code="a">volume</subfield>
			<subfield code="b">nc</subfield>
			<subfield code="2">rdacarrier</subfield>
			<subfield code="0">http://rdaregistry.info/termList/RDACarrierType/1049</subfield>
		</datafield>
		<datafield tag="590" ind1=" " ind2=" ">
			<subfield code="a">Hentet fra Bergen offentlige bibliotek</subfield>
		</datafield>
		<datafield tag="650" ind1=" " ind2=" ">
			<subfield code="a">essayer</subfield>
			<subfield code="0">norsk litteratur</subfield>
		</datafield>
	</record>