
	<record>
		<leader>00672cam a2200193 a 4500</leader>
		<controlfield tag="001">13246366</controlfield>
		<controlfield tag="005">20030812105016.0</controlfield>
		<controlfield tag="008">030620s2002    no a     b    000 0 nor  </controlfield>
		<datafield tag="010" ind1=" " ind2=" ">
			<subfield code="a">  2003458642</subfield>
		</datafield>
		<datafield tag="020" ind1=" " ind2=" ">
			<subfield code="a">8291002169</subfield>
		</datafield>
		<datafield tag="040" ind1=" " ind2=" ">
			<subfield code="a">DLC</subfield>
			<subfield code="c">DLC</subfield>
		</datafield>
		<datafield tag="050" ind1="0" ind2="0">
			<subfield code="a">PT9850.H3</subfield>
			<subfield code="b">Z74 2002</subfield>
		</datafield>
		<datafield tag="240" ind1="1" ind2="0">
			<subfield code="a">Knut Hamsun og 1890-tallet</subfield>
			<subfield code="0"> http://www.worldcat.org/oclc/249280719</subfield>
		</datafield>
		<datafield tag="245" ind1="0" ind2="0">
			<subfield code="a">Knut Hamsun og 1890-tallet :</subfield>
			<subfield code="b">10 foredrag fra Hamsundagene på Hamarøy 2002 /</subfield>
			<subfield code="c">Even Arntzen (red.).</subfield>
		</datafield>
		<datafield tag="260" ind1=" " ind2=" ">
			<subfield code="a">Hamarøy :</subfield>
			<subfield code="b">Hamsun-Selskapet,</subfield>
			<subfield code="c">2002.</subfield>
		</datafield>
		<datafield tag="336" ind1=" " ind2=" ">
			<subfield code="a">text</subfield>
			<subfield code="b">txt</subfield>
			<subfield code="2">rdacontent</subfield>
			<subfield code="0">http://rdaregistry.info/termList/RDAContentType/1020</subfield>
		</datafield>
		<datafield tag="337" ind1=" " ind2=" ">
			<subfield code="a">unmediated</subfield>
			<subfield code="b">n</subfield>
			<subfield code="2">rdamedia</subfield>
			<subfield code="0">http://rdaregistry.info/termList/RDAMediaType/1007</subfield>
		</datafield>
		<datafield tag="338" ind1=" " ind2=" ">
			<subfield code="a">volume</subfield>
			<subfield code="b">nc</subfield>
			<subfield code="2">rdacarrier</subfield>
			<subfield code="0">http://rdaregistry.info/termList/RDACarrierType/1049</subfield>
		</datafield>
		<datafield tag="440" ind1=" " ind2="0">
			<subfield code="a">Hamsun-selskapets skriftserie ;</subfield>
			<subfield code="v">nr. 17</subfield>
		</datafield>
		<datafield tag="590" ind1=" " ind2=" ">
			<subfield code="a"> Hentet fra LoC: Library of Congress</subfield>
		</datafield>
		<datafield tag="600" ind1="1" ind2="0">
			<subfield code="a">Hamsun, Knut</subfield>
			<subfield code="d">1859-1952</subfield>
			<subfield code="x">Kritikk og tolkning</subfield>
			<subfield code="0">http://viaf.org/viaf/59083692</subfield>
		</datafield>
		<datafield tag="700" ind1="1" ind2=" ">
			<subfield code="a">Arntzen, Even</subfield>
			<subfield code="0">http://viaf.org/viaf/71607279</subfield>
		</datafield>
	</record>