
	<record>
		<leader>00756nam a2200241 a 4500</leader>
		<controlfield tag="001">14847586</controlfield>
		<controlfield tag="005">20070511144028.0</controlfield>
		<controlfield tag="008">070511m20069999ai            000 1 armo </controlfield>
		<datafield tag="010" ind1=" " ind2=" ">
			<subfield code="a">  2007555253</subfield>
		</datafield>
		<datafield tag="020" ind1=" " ind2=" ">
			<subfield code="a">9994135570</subfield>
		</datafield>
		<datafield tag="040" ind1=" " ind2=" ">
			<subfield code="a">DLC</subfield>
			<subfield code="c">DLC</subfield>
		</datafield>
		<datafield tag="041" ind1="1" ind2=" ">
			<subfield code="a">arm</subfield>
			<subfield code="h">nor</subfield>
		</datafield>
		<datafield tag="050" ind1="0" ind2="0">
			<subfield code="a">PT8950.H3</subfield>
			<subfield code="b">M9125 2006</subfield>
		</datafield>
		<datafield tag="100" ind1="1" ind2=" ">
			<subfield code="a">Hamsun, Knut</subfield>
			<subfield code="d">1859-1952</subfield>
			<subfield code="4">aut</subfield>
			<subfield code="0">http://viaf.org/viaf/59083692</subfield>
		</datafield>
		<datafield tag="240" ind1="1" ind2="0">
			<subfield code="a">Mysterier</subfield>
			<subfield code="l">Armenian</subfield>
			<subfield code="0">http://viaf.org/viaf/206863699</subfield>
		</datafield>
		<datafield tag="245" ind1="1" ind2="0">
			<subfield code="a">Misterianer</subfield>
			<subfield code="c">Kʻnyutʻ Hamsun ; [tʻargmanichʻ, Artashes Hayloyan].</subfield>
		</datafield>
		<datafield tag="260" ind1=" " ind2=" ">
			<subfield code="a">Erevan :</subfield>
			<subfield code="b">"Nor-Dar",</subfield>
			<subfield code="c">2006-</subfield>
		</datafield>
		<datafield tag="336" ind1=" " ind2=" ">
			<subfield code="a">text</subfield>
			<subfield code="b">txt</subfield>
			<subfield code="2">rdacontent</subfield>
			<subfield code="0">http://rdaregistry.info/termList/RDAContentType/1020</subfield>
		</datafield>
		<datafield tag="337" ind1=" " ind2=" ">
			<subfield code="a">unmediated</subfield>
			<subfield code="b">n</subfield>
			<subfield code="2">rdamedia</subfield>
			<subfield code="0">http://rdaregistry.info/termList/RDAMediaType/1007</subfield>
		</datafield>
		<datafield tag="338" ind1=" " ind2=" ">
			<subfield code="a">volume</subfield>
			<subfield code="b">nc</subfield>
			<subfield code="2">rdacarrier</subfield>
			<subfield code="0">http://rdaregistry.info/termList/RDACarrierType/1049</subfield>
		</datafield>
		<datafield tag="380" ind1=" " ind2=" ">
      			<subfield code="a">Novel</subfield>
      			<subfield code="0">http://id.loc.gov/authorities/genreForms/gf2015026020</subfield>
      			<subfield code="2">LCSH</subfield>
    		</datafield>
		<datafield tag="490" ind1="0" ind2=" ">
			<subfield code="a">Nobelyan mrtsʻanakakirner matenashar</subfield>
		</datafield>
		<datafield tag="590" ind1=" " ind2=" ">
			<subfield code="a"> Hentet fra LoC: Library of Congress</subfield>
		</datafield>
		<datafield tag="700" ind1="1" ind2=" ">
			<subfield code="a">Hayloyan, Artashes</subfield>
			<subfield code="e">tr.</subfield>
			<subfield code="i">Oversetter</subfield>
			<subfield code="4">trl</subfield>
			<subfield code="0">http://viaf.org/viaf/56019271</subfield>
		</datafield>
	</record>