
	<record>
		<leader>03932cjm a2200589 a 4500</leader>
		<controlfield tag="001">17465230</controlfield>
		<controlfield tag="005">20120921160813.0</controlfield>
		<controlfield tag="007">sd fsngnnmmned</controlfield>
		<controlfield tag="007">sd fzngnnmmned</controlfield>
		<controlfield tag="008">120917p20102008no sgn|  defi     | nor d</controlfield>
		<datafield tag="010" ind1=" " ind2=" ">
			<subfield code="a">  2012623860</subfield>
		</datafield>
		<datafield tag="024" ind1="3" ind2=" ">
			<subfield code="a">7041888514329</subfield>
		</datafield>
		<datafield tag="028" ind1="0" ind2="0">
			<subfield code="a">2L-062-SACD</subfield>
			<subfield code="b">2L</subfield>
		</datafield>
		<datafield tag="028" ind1="0" ind2="0">
			<subfield code="a">62</subfield>
			<subfield code="b">2L</subfield>
		</datafield>
		<datafield tag="033" ind1="2" ind2=" ">
			<subfield code="a">20081006</subfield>
			<subfield code="a">20081009</subfield>
			<subfield code="b">6944</subfield>
			<subfield code="c">O9</subfield>
		</datafield>
		<datafield tag="035" ind1=" " ind2=" ">
			<subfield code="a">(OCoLC)ocn701838683</subfield>
		</datafield>
		<datafield tag="040" ind1=" " ind2=" ">
			<subfield code="a">OSU</subfield>
			<subfield code="c">OSU</subfield>
			<subfield code="d">BTCTA</subfield>
			<subfield code="d">ZMS</subfield>
			<subfield code="d">RCE</subfield>
			<subfield code="d">DLC</subfield>
		</datafield>
		<datafield tag="041" ind1="0" ind2=" ">
			<subfield code="d">nor</subfield>
			<subfield code="e">nor</subfield>
			<subfield code="g">eng</subfield>
			<subfield code="g">nor</subfield>
			<subfield code="m">nor</subfield>
		</datafield>
		<datafield tag="042" ind1=" " ind2=" ">
			<subfield code="a">lccopycat</subfield>
		</datafield>
		<datafield tag="043" ind1=" " ind2=" ">
			<subfield code="a">e-no---</subfield>
		</datafield>
		<datafield tag="045" ind1="2" ind2=" ">
			<subfield code="b">d1882</subfield>
			<subfield code="b">d1908</subfield>
		</datafield>
		<datafield tag="048" ind1=" " ind2=" ">
			<subfield code="a">va01</subfield>
			<subfield code="a">ka01</subfield>
		</datafield>
		<datafield tag="050" ind1="0" ind2="0">
			<subfield code="a">SDC 18245</subfield>
		</datafield>
		<datafield tag="100" ind1="1" ind2=" ">
			<subfield code="a">Haarklou, Johannes</subfield>
			<subfield code="d">1847-1925</subfield>
			<subfield code="4">sng</subfield>
			<subfield code="0">http://viaf.org/viaf/246223898</subfield>
		</datafield>
		<datafield tag="240" ind1="1" ind2="0">
			<subfield code="a">Songs</subfield>
			<subfield code="0">http://viaf.org/viaf/178398911</subfield>
		</datafield>
		<datafield tag="245" ind1="1" ind2="0">
			<subfield code="a">Sommernatt</subfield>
			<subfield code="h">[sound recording] :</subfield>
			<subfield code="b">sanger av Johannes Haarklou.</subfield>
		</datafield>
		<datafield tag="246" ind1="3" ind2="0">
			<subfield code="a">Sanger av Johannes Haarklou</subfield>
		</datafield>
		<datafield tag="260" ind1=" " ind2=" ">
			<subfield code="a">[Oslo, Norway] :</subfield>
			<subfield code="b">2L,</subfield>
			<subfield code="c">[2010]</subfield>
		</datafield>
		<datafield tag="300" ind1=" " ind2=" ">
			<subfield code="a">1 sound disc :</subfield>
			<subfield code="b">digital, stereo., SACD ;</subfield>
			<subfield code="c">4 3/4 in.</subfield>
		</datafield>
		<datafield tag="336" ind1=" " ind2=" ">
			<subfield code="a">performed music</subfield>
			<subfield code="b">prm</subfield>
			<subfield code="2">rdacontent</subfield>
			<subfield code="0">http://rdaregistry.info/termList/RDAContentType/1011</subfield>
		</datafield>
		<datafield tag="337" ind1=" " ind2=" ">
			<subfield code="a">audio</subfield>
			<subfield code="b">s</subfield>
			<subfield code="2">rdamedia</subfield>
			<subfield code="0">http://rdaregistry.info/termList/RDAMediaType/1001</subfield>
		</datafield>
		<datafield tag="338" ind1=" " ind2=" ">
			<subfield code="a">audio disc</subfield>
			<subfield code="b">sd</subfield>
			<subfield code="2">rdacarrier</subfield>
			<subfield code="0">http://rdaregistry.info/termList/RDACarrierType/1004</subfield>
		</datafield>
		<datafield tag="505" ind1="0" ind2="0">
			<subfield code="t">Ved havet : fra Tre sange op. 2 nr. 3 (1882) /</subfield>
			<subfield code="r">tekst, Johan Sebastian Welhaven</subfield>
			<subfield code="g">(3:02) --</subfield>
			<subfield code="t">Træet : fra Romancer og sange op. 11, nr. 3 (ca. 1896) /</subfield>
			<subfield code="r">tekst, Bjørnstjerne Bjørnson</subfield>
			<subfield code="g">(1:39) --</subfield>
			<subfield code="t">Haukeligauken : fra Romancer og sange op. 10, nr. 1 (ca. 1896) /</subfield>
			<subfield code="r">tekst, Peter Rosenkrantz Johnsen</subfield>
			<subfield code="g">(2:00) --</subfield>
			<subfield code="t">Vaar-von : fra To sange med piano op. 9, nr. 1 (1892) /</subfield>
			<subfield code="r">tekst, Per Sivle</subfield>
			<subfield code="g">(2:28) --</subfield>
			<subfield code="t">Sommernat : fra To sange med piano op. 9, nr. 2 (1892) /</subfield>
			<subfield code="r">tekst, Sigurd Bødtker</subfield>
			<subfield code="g">(2:09) --</subfield>
			<subfield code="t">Tonen (1889) /</subfield>
			<subfield code="r">tekst, Bjørnstjerne Bjørnson</subfield>
			<subfield code="g">(2:26) --</subfield>
			<subfield code="t">Te kjærasten min : fra Romancer og sange op. 10, nr. 2 (1896) /</subfield>
			<subfield code="r">tekst, Per Sivle</subfield>
			<subfield code="g">(2:14) --</subfield>
			<subfield code="t">Hel mig mine strenge : fra Romancer og sange op. 10, nr. 2 (ca. 1896) /</subfield>
			<subfield code="r">tekst, Wilhelm Krag</subfield>
			<subfield code="g">(2:24) --</subfield>
			<subfield code="t">Hvad suser i natten? : fra Fem romancer op. 32, nr. 4 (1908) /</subfield>
			<subfield code="r">tekst, Knut Hamsun</subfield>
			<subfield code="g">(4:06) --</subfield>
			<subfield code="t">Med røde roser : fra Fire sange til tekster af Knut Hamsun op. 23a, nr. 1 (1905)</subfield>
			<subfield code="g">(2:17) --</subfield>
			<subfield code="t">Sommernat : fra Romancer og sange op. 12, nr. 1 (ca. 1896) /</subfield>
			<subfield code="r">tekst, Peter Rosenkrantz Johnsen</subfield>
			<subfield code="g">(1:44) --</subfield>
			<subfield code="t">Tora synger : fra Fem romancer op. 32, nr. 2 (1908) /</subfield>
			<subfield code="r">tekst, Knut Hamsun</subfield>
			<subfield code="g">(1:57) --</subfield>
			<subfield code="t">Synnøves sang : fra Tre sange op. 2, nr. 1 (1882) /</subfield>
			<subfield code="r">tekst, Bjørnstjerne Bjørnson</subfield>
			<subfield code="g">(2:58) --</subfield>
			<subfield code="t">Og solen gaar op : fra Fem romancer op. 32, nr. 5 (1908) /</subfield>
			<subfield code="r">tekst, Knut Hamsun</subfield>
			<subfield code="g">(1:21) --</subfield>
			<subfield code="t">Efter afskeden : fra Fire sange til tekster af Knut Hamsun op. 23a, nr. 3 (1905)</subfield>
			<subfield code="g">(2:12) --</subfield>
			<subfield code="t">Gyngevise : fra Romancer og sange op. 11, nr. 2 (ca. 1896) /</subfield>
			<subfield code="r">tekst, Wilhelm Krag</subfield>
			<subfield code="g">(2:18) --</subfield>
			<subfield code="t">Mainat : fra Romancer og sange op. 12, nr. 2 (ca. 1896) /</subfield>
			<subfield code="r">tekst, Wilhelm Krag</subfield>
			<subfield code="g">(3:47) --</subfield>
			<subfield code="t">Minde : fra Romancer og sange op. 11, nr. 1 (ca. 1896) /</subfield>
			<subfield code="r">tekst, Wilhelm Krag</subfield>
			<subfield code="g">(2:27).</subfield>
		</datafield>
		<datafield tag="590" ind1=" " ind2=" ">
			<subfield code="a"> Hentet fra LoC: Library of Congress</subfield>
		</datafield>
		<datafield tag="650" ind1=" " ind2="0">
			<subfield code="a">Sanger med piano</subfield>
		</datafield>
		<datafield tag="650" ind1=" " ind2="0">
			<subfield code="a">Norske sanger</subfield>
			<subfield code="z">Norge</subfield>
		</datafield>
		<datafield tag="700" ind1="1" ind2=" ">
			<subfield code="a">Øverbø, Linda</subfield>
			<subfield code="4">prf</subfield>
			<subfield code="0">http://viaf.org/viaf/265500978</subfield>
		</datafield>
		<datafield tag="700" ind1="1" ind2=" ">
			<subfield code="a">Fossheim, Kristin</subfield>
			<subfield code="d">1963-</subfield>
			<subfield code="4">prf</subfield>
			<subfield code="0">http://viaf.org/viaf/120185296</subfield>
		</datafield>
		<datafield tag="700" ind1="1" ind2=" ">
			<subfield code="a">Welhaven, Johan Sebastian</subfield>
			<subfield code="d">1807-1873.</subfield>
			<subfield code="4">lyr</subfield>
			<subfield code="0">http://viaf.org/viaf/7442073</subfield>
		</datafield>
		<datafield tag="700" ind1="1" ind2=" ">
			<subfield code="a">Bjørnson, Bjørnstjerne</subfield>
			<subfield code="d">1832-1910.</subfield>
			<subfield code="4">lyr</subfield>
			<subfield code="0">http://viaf.org/viaf/295290572</subfield>
		</datafield>
		<datafield tag="700" ind1="1" ind2=" ">
			<subfield code="a">Johnsen, Rosenkrantz</subfield>
			<subfield code="d">1857-1929.</subfield>
			<subfield code="4">lyr</subfield>
			<subfield code="0">http://viaf.org/viaf/228973177</subfield>
		</datafield>
		<datafield tag="700" ind1="1" ind2=" ">
			<subfield code="a">Sivle, Per</subfield>
			<subfield code="d">1857-1904.</subfield>
			<subfield code="4">lyr</subfield>
			<subfield code="0">http://viaf.org/viaf/27879890</subfield>
		</datafield>
		<datafield tag="700" ind1="1" ind2=" ">
			<subfield code="a">Bødtker, Sigurd</subfield>
			<subfield code="d">1866-1928.</subfield>
			<subfield code="4">lyr</subfield>
			<subfield code="0">http://viaf.org/viaf/4908861</subfield>
		</datafield>
		<datafield tag="700" ind1="1" ind2=" ">
			<subfield code="a">Krag, Vilhelm</subfield>
			<subfield code="d">1871-1933.</subfield>
			<subfield code="4">lyr</subfield>
			<subfield code="0">http://viaf.org/viaf/15036355</subfield>
		</datafield>
		<datafield tag="700" ind1="1" ind2=" ">
			<subfield code="a">Hamsun, Knut</subfield>
			<subfield code="d">1859-1952</subfield>
			<subfield code="4">lyr</subfield>
			<subfield code="0">http://viaf.org/viaf/59083692</subfield>
		</datafield>
	</record>