
	<record>
		<leader>00754nam a22001937b 4500</leader>
		<controlfield tag="001">bimo0001627988</controlfield>
		<controlfield tag="003">SpMaBN</controlfield>
		<controlfield tag="005">20091105085235.5</controlfield>
		<controlfield tag="008">001123s1922    xxu|          ||| ||eng  </controlfield>
		<datafield tag="016" ind1="7" ind2=" ">
			<subfield code="a">bimoBNE20002117876</subfield>
			<subfield code="2">SpMaBN</subfield>
		</datafield>
		<datafield tag="035" ind1=" " ind2=" ">
			<subfield code="a">(OCoLC)433402819</subfield>
		</datafield>
		<datafield tag="040" ind1=" " ind2=" ">
			<subfield code="a">SpMaBN</subfield>
			<subfield code="b">spa</subfield>
			<subfield code="c">SpMaBN</subfield>
			<subfield code="e">rdc</subfield>
		</datafield>
		<datafield tag="080" ind1=" " ind2="0">
			<subfield code="a">821.113.6 Hamsun, Knut 1.06</subfield>
		</datafield>
		<datafield tag="100" ind1="1" ind2=" ">
			<subfield code="a">Wiehr, Josef</subfield>
			<subfield code="4">aut</subfield>
			<subfield code="0">http://viaf.org/viaf/231390215</subfield>
		</datafield>
		<datafield tag="240" ind1="1" ind2="0">
			<subfield code="a">Knut Hamsun, his personality and his outlook upon life</subfield>
			<subfield code="0">http://www.worldcat.org/oclc/890497980</subfield>
		</datafield>
		<datafield tag="245" ind1="1" ind2="0">
			<subfield code="a">Knut Hamsun, his personality and his outlook upon life</subfield>
			<subfield code="h">[Texto impreso]</subfield>
			<subfield code="c">by Josef Wiehr</subfield>
		</datafield>
		<datafield tag="260" ind1=" " ind2=" ">
			<subfield code="a">Northampton (Mass.)</subfield>
			<subfield code="b">Departments of Modern Languages of Smith College</subfield>
			<subfield code="c">1922</subfield>
		</datafield>
		<datafield tag="336" ind1=" " ind2=" ">
			<subfield code="a">text</subfield>
			<subfield code="b">txt</subfield>
			<subfield code="2">rdacontent</subfield>
			<subfield code="0">http://rdaregistry.info/termList/RDAContentType/1020</subfield>
		</datafield>
		<datafield tag="337" ind1=" " ind2=" ">
			<subfield code="a">unmediated</subfield>
			<subfield code="b">n</subfield>
			<subfield code="2">rdamedia</subfield>
			<subfield code="0">http://rdaregistry.info/termList/RDAMediaType/1007</subfield>
		</datafield>
		<datafield tag="338" ind1=" " ind2=" ">
			<subfield code="a">volume</subfield>
			<subfield code="b">nc</subfield>
			<subfield code="2">rdacarrier</subfield>
			<subfield code="0">http://rdaregistry.info/termList/RDACarrierType/1049</subfield>
		</datafield>
		<datafield tag="490" ind1="0" ind2=" ">
			<subfield code="a">Smith College studies in modern languages</subfield>
			<subfield code="v">v. 3, no. 1-2</subfield>
		</datafield>
		<datafield tag="590" ind1=" " ind2=" ">
			<subfield code="a"> Hentet fra Unicorn: det spanske nasjonalbiblioteket</subfield>
		</datafield>
		<datafield tag="600" ind1="1" ind2="7">
			<subfield code="a">Hamsun, Knut</subfield>
			<subfield code="d">1859-1952</subfield>
			<subfield code="x">Kritikk og tolkning</subfield>
			<subfield code="2">embne</subfield>
			<subfield code="0">http://viaf.org/viaf/59083692</subfield>
		</datafield>
	</record>