
	<record>
		<leader>02107ngm a2200409   4500</leader>
		<controlfield tag="001">a4754663</controlfield>
		<controlfield tag="003">SpMaBN</controlfield>
		<controlfield tag="005">20170609004538.6</controlfield>
		<controlfield tag="007">vd*cvaizs</controlfield>
		<controlfield tag="008">021007s2010    sp 154 g         1vlmul  </controlfield>
		<datafield tag="015" ind1=" " ind2=" ">
			<subfield code="a">VD10</subfield>
		</datafield>
		<datafield tag="017" ind1=" " ind2=" ">
			<subfield code="a">B 6159-2010</subfield>
			<subfield code="b">Oficina Depósito Legal Barcelona</subfield>
		</datafield>
		<datafield tag="035" ind1=" " ind2=" ">
			<subfield code="a">(OCoLC)733182243</subfield>
		</datafield>
		<datafield tag="040" ind1=" " ind2=" ">
			<subfield code="a">SpMaBN</subfield>
			<subfield code="b">spa</subfield>
			<subfield code="c">SpMaBN</subfield>
			<subfield code="e">rdc</subfield>
		</datafield>
		<datafield tag="041" ind1="1" ind2=" ">
			<subfield code="a">spa</subfield>
			<subfield code="a">dan</subfield>
			<subfield code="b">spa</subfield>
		</datafield>
		<datafield tag="130" ind1="0" ind2=" ">
			<subfield code="a">Hamsun</subfield>
			<subfield code="0">http://www.worldcat.org/oclc/859380234</subfield>
		</datafield>
		<datafield tag="245" ind1="1" ind2="0">
			<subfield code="a">Hamsun : eine Dokumentation zum Film von Jan Troell</subfield>
			<subfield code="h">[Videograbación]</subfield>
			<subfield code="c">[director, Jan Troell ; guión, Per Olov Enquist, Jan Troell ; fotografía, Mischa Gavrjusjov, Jan Troell]</subfield>
		</datafield>
		<datafield tag="260" ind1=" " ind2=" ">
			<subfield code="a">L'Hospitalet de Llobregat (Barcelona)</subfield>
			<subfield code="b">Filmax Home Video</subfield>
			<subfield code="b">Sogedasa</subfield>
			<subfield code="c">D.L. 2010</subfield>
		</datafield>
		<datafield tag="300" ind1=" " ind2=" ">
			<subfield code="a">1 DVD-Vídeo (ca. 154 min)</subfield>
			<subfield code="b">son., col.</subfield>
		</datafield>
		<datafield tag="336" ind1=" " ind2=" ">
			<subfield code="a">two-dimensional moving image</subfield>
			<subfield code="b">tdi</subfield>
			<subfield code="2">rdacontent</subfield>
			<subfield code="0">http://rdaregistry.info/termList/RDAContentType/1023</subfield>
		</datafield>
		<datafield tag="337" ind1=" " ind2=" ">
			<subfield code="a">video</subfield>
			<subfield code="b">v</subfield>
			<subfield code="2">rdamedia</subfield>
			<subfield code="0">http://rdaregistry.info/termList/RDAMediaType/1008</subfield>
		</datafield>
		<datafield tag="338" ind1=" " ind2=" ">
			<subfield code="a">videodisc</subfield>
			<subfield code="b">vd</subfield>
			<subfield code="2">rdacarrier</subfield>
			<subfield code="0">http://rdaregistry.info/termList/RDACarrierType/1060</subfield>
		</datafield>
		<datafield tag="600" ind1="1" ind2=" ">
			<subfield code="a">Hamsun, Knut</subfield>
			<subfield code="d">1859-1952</subfield>
			<subfield code="2">embne</subfield>
			<subfield code="0"> http://viaf.org/viaf/59083692</subfield>
		</datafield>
		<datafield tag="655" ind1=" " ind2="7">
			<subfield code="a">Drama</subfield>
			<subfield code="2">tgfbne</subfield>
		</datafield>
		<datafield tag="700" ind1="1" ind2=" ">
			<subfield code="a">Troell, Jan</subfield>
			<subfield code="d">1931-</subfield>
			<subfield code="0">http://viaf.org/viaf/20591759</subfield>
		</datafield>
		<datafield tag="700" ind1="1" ind2=" ">
			<subfield code="a">Enquist, Per Olov</subfield>
			<subfield code="d">1934-</subfield>
			<subfield code="0">http://viaf.org/viaf/46760618</subfield>
		</datafield>
		<datafield tag="700" ind1="1" ind2=" ">
			<subfield code="a">Gavrjusjov, Mischa</subfield>
			<subfield code="0">http://viaf.org/viaf/102357939</subfield>
		</datafield>
		<datafield tag="700" ind1="1" ind2=" ">
			<subfield code="a">Hansen, Thorkild</subfield>
			<subfield code="0">http://viaf.org/viaf/109499328</subfield>
		</datafield>
		<datafield tag="700" ind1="1" ind2=" ">
			<subfield code="a">Sydow, Max von</subfield>
			<subfield code="d">1929-</subfield>
			<subfield code="0">http://viaf.org/viaf/42026821</subfield>
		</datafield>
		<datafield tag="700" ind1="1" ind2=" ">
			<subfield code="a">Norby, Ghitta</subfield>
			<subfield code="d">1935-</subfield>
			<subfield code="0">http://viaf.org/viaf/14745815</subfield>
		</datafield>
		<datafield tag="700" ind1="1" ind2=" ">
			<subfield code="a">Hoff,  Anette</subfield>
			<subfield code="d">1961-</subfield>
			<subfield code="0">http://viaf.org/viaf/63785530</subfield>
		</datafield>
	</record>