
	<record>
		<leader>01091nam a22003011  4500</leader>
		<controlfield tag="001">bimo0000977164</controlfield>
		<controlfield tag="003">SpMaBN</controlfield>
		<controlfield tag="005">20151216004121.4</controlfield>
		<controlfield tag="008">920725s1963    sp                  spa  </controlfield>
		<datafield tag="016" ind1="7" ind2=" ">
			<subfield code="a">bimoBNE19982236575</subfield>
			<subfield code="z">IND9200401527</subfield>
			<subfield code="2">SpMaBN</subfield>
		</datafield>
		<datafield tag="017" ind1=" " ind2=" ">
			<subfield code="a">B 29003-1962</subfield>
			<subfield code="b">Oficina Depósito Legal Barcelona</subfield>
		</datafield>
		<datafield tag="035" ind1=" " ind2=" ">
			<subfield code="a">(OCoLC)431720956</subfield>
		</datafield>
		<datafield tag="040" ind1=" " ind2=" ">
			<subfield code="a">SpMaBN</subfield>
			<subfield code="b">spa</subfield>
			<subfield code="c">A2</subfield>
		</datafield>
		<datafield tag="080" ind1=" " ind2="0">
			<subfield code="a">8-3"19"(082)</subfield>
		</datafield>
		<datafield tag="100" ind1="1" ind2=" ">
			<subfield code="a">Hamsun, Knut</subfield>
			<subfield code="d">1859-1952</subfield>
			<subfield code="0">http://viaf.org/viaf/59083692</subfield>
			<subfield code="4">aut</subfield>
		</datafield>
		<datafield tag="240" ind1="1" ind2="0">
			<subfield code="a">Livets spil</subfield>
			<subfield code="l">Spanish</subfield>
			<subfield code="0">http://viaf.org/viaf/1147154387510730970003</subfield>
		</datafield>
		<datafield tag="245" ind1="1" ind2="3">
			<subfield code="a">El juego de la vida</subfield>
			<subfield code="h">[Texto impreso]</subfield>
			<subfield code="c">Knut Hamsun ; Thomas Mann, Tristán. Sigrid Undset, La edad feliz ; [traductores, Frans Vives, Edgard Pedro Bruk, F.C.]</subfield>
		</datafield>
		<datafield tag="260" ind1=" " ind2=" ">
			<subfield code="a">Barcelona</subfield>
			<subfield code="b">G.P.</subfield>
			<subfield code="c">[1963</subfield>
			<subfield code="f">Guada]</subfield>
		</datafield>
		<datafield tag="336" ind1=" " ind2=" ">
			<subfield code="a">text</subfield>
			<subfield code="b">txt</subfield>
			<subfield code="2">rdacontent</subfield>
			<subfield code="0">http://rdaregistry.info/termList/RDAContentType/1020</subfield>
		</datafield>
		<datafield tag="337" ind1=" " ind2=" ">
			<subfield code="a">unmediated</subfield>
			<subfield code="b">n</subfield>
			<subfield code="2">rdamedia</subfield>
			<subfield code="0">http://rdaregistry.info/termList/RDAMediaType/1007</subfield>
		</datafield>
		<datafield tag="338" ind1=" " ind2=" ">
			<subfield code="a">volume</subfield>
			<subfield code="b">nc</subfield>
			<subfield code="2">rdacarrier</subfield>
			<subfield code="0">http://rdaregistry.info/termList/RDACarrierType/1049</subfield>
		</datafield>
		<datafield tag="490" ind1="0" ind2=" ">
			<subfield code="a">Premios Nóbel</subfield>
			<subfield code="v">v. 3</subfield>
		</datafield>
		<datafield tag="590" ind1=" " ind2=" ">
			<subfield code="a"> Hentet fra Unicorn: det spanske nasjonalbiblioteket</subfield>
		</datafield>
		<datafield tag="700" ind1="1" ind2=" ">
			<subfield code="a">Mann, Thomas</subfield>
			<subfield code="d">1875-1955</subfield>
			<subfield code="0">http://viaf.org/viaf/54151065</subfield>
		</datafield>
		<datafield tag="700" ind1="1" ind2=" ">
			<subfield code="a">Undset, Sigrid</subfield>
			<subfield code="d">1882-1949</subfield>
			<subfield code="0">http://viaf.org/viaf/73860916</subfield>
		</datafield>
		<datafield tag="700" ind1="1" ind2=" ">
			<subfield code="a">Bruck, Edgar Pedro</subfield>
			<subfield code="0">http://viaf.org/viaf/67043930</subfield>
		</datafield>
		<datafield tag="740" ind1="0" ind2="1">
			<subfield code="a">Tristán.</subfield>
		</datafield>
		<datafield tag="740" ind1="3" ind2="1">
			<subfield code="a">La Edad feliz.</subfield>
		</datafield>
	</record>