
	<record>
		<leader>00557cam a2200193u  4500</leader>
		<controlfield tag="001">8846057</controlfield>
		<controlfield tag="005">20120418114126.0</controlfield>
		<controlfield tag="008">831209s1928    gw            000 1 ger  </controlfield>
		<datafield tag="010" ind1=" " ind2=" ">
			<subfield code="a">   52047736 </subfield>
		</datafield>
		<datafield tag="035" ind1=" " ind2=" ">
			<subfield code="9">(DLC)   52047736</subfield>
		</datafield>
		<datafield tag="040" ind1=" " ind2=" ">
			<subfield code="a">DLC</subfield>
			<subfield code="c">CarP</subfield>
			<subfield code="d">DLC</subfield>
		</datafield>
		<datafield tag="041" ind1="1" ind2=" ">
			<subfield code="a">ger</subfield>
			<subfield code="h">nor</subfield>
		</datafield>
		<datafield tag="050" ind1="0" ind2="0">
			<subfield code="a">PT8950.H3</subfield>
			<subfield code="b">S565 1928</subfield>
		</datafield>
		<datafield tag="100" ind1="1" ind2=" ">
			<subfield code="a">Hamsun, Knut</subfield>
			<subfield code="d">1859-1952</subfield>
			<subfield code="4">aut</subfield>
			<subfield code="0">http://viaf.org/viaf/59083692</subfield>
		</datafield>
		<datafield tag="240" ind1="1" ind2="0">
			<subfield code="a">Siste kapitel</subfield>
			<subfield code="l">German</subfield>
			<subfield code="0"> http://viaf.org/viaf/188303684</subfield>
		</datafield>
		<datafield tag="245" ind1="1" ind2="4">
			<subfield code="a">Das letzte Kapitel</subfield>
		</datafield>
		<datafield tag="250" ind1=" " ind2=" ">
			<subfield code="a">Voilständige Ausg.</subfield>
		</datafield>
		<datafield tag="260" ind1=" " ind2=" ">
			<subfield code="a">Berlin,</subfield>
			<subfield code="b">T. Knaur Nachf.</subfield>
			<subfield code="c">[1928]</subfield>
		</datafield>
		<datafield tag="336" ind1=" " ind2=" ">
			<subfield code="a">text</subfield>
			<subfield code="b">txt</subfield>
			<subfield code="2">rdacontent</subfield>
			<subfield code="0">http://rdaregistry.info/termList/RDAContentType/1020</subfield>
		</datafield>
		<datafield tag="337" ind1=" " ind2=" ">
			<subfield code="a">unmediated</subfield>
			<subfield code="b">n</subfield>
			<subfield code="2">rdamedia</subfield>
			<subfield code="0">http://rdaregistry.info/termList/RDAMediaType/1007</subfield>
		</datafield>
		<datafield tag="338" ind1=" " ind2=" ">
			<subfield code="a">volume</subfield>
			<subfield code="b">nc</subfield>
			<subfield code="2">rdacarrier</subfield>
			<subfield code="0">http://rdaregistry.info/termList/RDACarrierType/1049</subfield>
		</datafield>
		<datafield tag="380" ind1=" " ind2=" ">
      			<subfield code="a">Novel</subfield>
      			<subfield code="0">http://id.loc.gov/authorities/genreForms/gf2015026020</subfield>
      			<subfield code="2">LCSH</subfield>
    		</datafield>
		<datafield tag="590" ind1=" " ind2=" ">
			<subfield code="a"> Hentet fra Unicorn: det spanske nasjonalbiblioteket</subfield>
		</datafield>
	</record>