
	<record>
		<leader>00577nam a22001697a 4500</leader>
		<controlfield tag="001">4824293</controlfield>
		<controlfield tag="005">19890712144739.1</controlfield>
		<controlfield tag="008">890619s1988    no            000 0 nor  </controlfield>
		<datafield tag="035" ind1=" " ind2=" ">
			<subfield code="9">(DLC)   89153082</subfield>
		</datafield>
		<datafield tag="010" ind1=" " ind2=" ">
			<subfield code="a">   89153082 </subfield>
		</datafield>
		<datafield tag="040" ind1=" " ind2=" ">
			<subfield code="a">DLC</subfield>
			<subfield code="c">DLC</subfield>
			<subfield code="d">DLC</subfield>
		</datafield>
		<datafield tag="050" ind1="0" ind2="0">
			<subfield code="a">MLCS 89/04171 (P)</subfield>
		</datafield>
		<datafield tag="100" ind1="1" ind2=" ">
			<subfield code="a">Hamsun, Knut</subfield>
			<subfield code="d">1859-1952</subfield>
			<subfield code="4">aut</subfield>
			<subfield code="0">http://viaf.org/viaf/59083692</subfield>
		</datafield>
		<datafield tag="240" ind1="0" ind2="0">
			<subfield code="a">Livsfragmenter</subfield>
			<subfield code="0">http://viaf.org/viaf/312386432</subfield>
		</datafield>
		<datafield tag="245" ind1="1" ind2="0">
			<subfield code="a">Livsfragmenter</subfield>
			<subfield code="b">Ni noveller</subfield>
			<subfield code="c">Skrevet av Knut Hamsun. Samlet, redigert og kommentert av Lars Frode Larsen</subfield>
		</datafield>
		<datafield tag="260" ind1=" " ind2=" ">
			<subfield code="a">Oslo :</subfield>
			<subfield code="b">Gyldendal norsk forlag,</subfield>
			<subfield code="c">c1988.</subfield>
		</datafield>
		<datafield tag="336" ind1=" " ind2=" ">
			<subfield code="a">text</subfield>
			<subfield code="b">txt</subfield>
			<subfield code="2">rdacontent</subfield>
			<subfield code="0">http://rdaregistry.info/termList/RDAContentType/1020</subfield>
		</datafield>
		<datafield tag="337" ind1=" " ind2=" ">
			<subfield code="a">unmediated</subfield>
			<subfield code="b">n</subfield>
			<subfield code="2">rdamedia</subfield>
			<subfield code="0">http://rdaregistry.info/termList/RDAMediaType/1007</subfield>
		</datafield>
		<datafield tag="338" ind1=" " ind2=" ">
			<subfield code="a">volume</subfield>
			<subfield code="b">nc</subfield>
			<subfield code="2">rdacarrier</subfield>
			<subfield code="0">http://rdaregistry.info/termList/RDACarrierType/1049</subfield>
		</datafield>
		<datafield tag="590" ind1=" " ind2=" ">
			<subfield code="a"> Hentet fra Unicorn: det spanske nasjonalbiblioteket</subfield>
		</datafield>
		<datafield tag="700" ind1="1" ind2=" ">
			<subfield code="a">Larsen, Lars Frode</subfield>
			<subfield code="0">http://viaf.org/viaf/107756506</subfield>
		</datafield>
	</record>