
	<record>
		<leader>00567cam a22002051  4500</leader>
		<controlfield tag="001">10165152</controlfield>
		<controlfield tag="005">20050504194655.0</controlfield>
		<controlfield tag="008">750908s1933    xx            000 0 nor  </controlfield>
		<datafield tag="035" ind1=" " ind2=" ">
			<subfield code="9">(DLC)   34004832</subfield>
		</datafield>
		<datafield tag="010" ind1=" " ind2=" ">
			<subfield code="a">   34004832 </subfield>
		</datafield>
		<datafield tag="035" ind1=" " ind2=" ">
			<subfield code="a">(OCoLC)1610227</subfield>
		</datafield>
		<datafield tag="040" ind1=" " ind2=" ">
			<subfield code="a">DLC</subfield>
			<subfield code="c">FM</subfield>
			<subfield code="d">OCoLC</subfield>
			<subfield code="d">DLC</subfield>
		</datafield>
		<datafield tag="050" ind1="0" ind2="0">
			<subfield code="a">PT8950.H3</subfield>
			<subfield code="b">M4 1933</subfield>
		</datafield>
		<datafield tag="100" ind1="1" ind2=" ">
			<subfield code="a">Hamsun, Knut</subfield>
			<subfield code="d">1859-1952</subfield>
			<subfield code="0">http://viaf.org/viaf/59083692</subfield>
			<subfield code="4">aut</subfield>
		</datafield>
		<datafield tag="240" ind1="1" ind2="0">
			<subfield code="a">Men livet lever</subfield>
			<subfield code="0">http://viaf.org/viaf/191146462599827770953</subfield>
		</datafield>
		<datafield tag="245" ind1="1" ind2="0">
			<subfield code="a">Men livet lever</subfield>
			<subfield code="c">Knut Hamsun</subfield>
		</datafield>
		<datafield tag="260" ind1=" " ind2=" ">
			<subfield code="a">Oslo,</subfield>
			<subfield code="b">Gyldendal,</subfield>
			<subfield code="c">1933.</subfield>
		</datafield>
		<datafield tag="336" ind1=" " ind2=" ">
			<subfield code="a">text</subfield>
			<subfield code="b">txt</subfield>
			<subfield code="2">rdacontent</subfield>
			<subfield code="0">http://rdaregistry.info/termList/RDAContentType/1020</subfield>
		</datafield>
		<datafield tag="337" ind1=" " ind2=" ">
			<subfield code="a">unmediated</subfield>
			<subfield code="b">n</subfield>
			<subfield code="2">rdamedia</subfield>
			<subfield code="0">http://rdaregistry.info/termList/RDAMediaType/1007</subfield>
		</datafield>
		<datafield tag="338" ind1=" " ind2=" ">
			<subfield code="a">volume</subfield>
			<subfield code="b">nc</subfield>
			<subfield code="2">rdacarrier</subfield>
			<subfield code="0">http://rdaregistry.info/termList/RDACarrierType/1049</subfield>
		</datafield>
		<datafield tag="380" ind1=" " ind2=" ">
      			<subfield code="a">Novel</subfield>
      			<subfield code="0">http://id.loc.gov/authorities/genreForms/gf2015026020</subfield>
      			<subfield code="2">LCSH</subfield>
    		</datafield>
		<datafield tag="590" ind1=" " ind2=" ">
			<subfield code="a"> Hentet fra Unicorn: det spanske nasjonalbiblioteket</subfield>
		</datafield>
		<datafield tag="800" ind1="1" ind2=" ">
			<subfield code="a">Hamsun, Knut</subfield>
			<subfield code="t">Landstrykere</subfield>
			<subfield code="0">http://viaf.org/viaf/180078068</subfield>
			<subfield code="v">1</subfield>
			<subfield code="4">http://rdaregistry.info/Elements/w/datatype/precededByWork.en</subfield>
		</datafield>
		<datafield tag="800" ind1="1" ind2=" ">
			<subfield code="a">Hamsun, Knut</subfield>
			<subfield code="t">August</subfield>
			<subfield code="0">http://viaf.org/viaf/3267149068489065730001</subfield>
			<subfield code="v">2</subfield>
			<subfield code="4">http://rdaregistry.info/Elements/w/datatype/precededByWork.en</subfield>
		</datafield>
	</record>