
	<record>
		<leader>00868nam a2200265 b 4500</leader>
		<controlfield tag="001">bimo0001806699</controlfield>
		<controlfield tag="003">SpMaBN</controlfield>
		<controlfield tag="005">20151219004115.7</controlfield>
		<controlfield tag="008">020916s2002    sp |          ||| ||spa  </controlfield>
		<datafield tag="016" ind1="7" ind2=" ">
			<subfield code="a">bimoBNE20020647412</subfield>
			<subfield code="2">SpMaBN</subfield>
		</datafield>
		<datafield tag="017" ind1=" " ind2=" ">
			<subfield code="a">M 6154-2002</subfield>
			<subfield code="b">Oficina Depósito Legal Madrid</subfield>
		</datafield>
		<datafield tag="020" ind1=" " ind2=" ">
			<subfield code="a">84-204-2641-5</subfield>
		</datafield>
		<datafield tag="035" ind1=" " ind2=" ">
			<subfield code="a">(OCoLC)433285432</subfield>
		</datafield>
		<datafield tag="040" ind1=" " ind2=" ">
			<subfield code="a">SpMaBN</subfield>
			<subfield code="b">spa</subfield>
			<subfield code="c">SpMaBN</subfield>
			<subfield code="e">rdc</subfield>
		</datafield>
		<datafield tag="041" ind1="1" ind2=" ">
			<subfield code="a">spa</subfield>
			<subfield code="h">nor</subfield>
		</datafield>
		<datafield tag="100" ind1="1" ind2=" ">
			<subfield code="a">Hamsun, Knut</subfield>
			<subfield code="d">1859-1952</subfield>
			<subfield code="0">http://viaf.org/viaf/59083692</subfield>
			<subfield code="4">aut</subfield>
		</datafield>
		<datafield tag="240" ind1="1" ind2="0">
			<subfield code="a">Mysterier</subfield>
			<subfield code="l">Español</subfield>
			<subfield code="0">http://viaf.org/viaf/206863699</subfield>
		</datafield>
		<datafield tag="245" ind1="1" ind2="0">
			<subfield code="a">Misterios</subfield>
			<subfield code="h">[Texto impreso]</subfield>
			<subfield code="c">Knut Hamsun ; traducción de Kirsti Baggethun y Regino García-Badell</subfield>
		</datafield>
		<datafield tag="250" ind1=" " ind2=" ">
			<subfield code="a">2ª ed.</subfield>
		</datafield>
		<datafield tag="260" ind1=" " ind2=" ">
			<subfield code="a">Madrid</subfield>
			<subfield code="b">Alfaguara</subfield>
			<subfield code="c">2002</subfield>
		</datafield>
		<datafield tag="336" ind1=" " ind2=" ">
			<subfield code="a">text</subfield>
			<subfield code="b">txt</subfield>
			<subfield code="2">rdacontent</subfield>
			<subfield code="0">http://rdaregistry.info/termList/RDAContentType/1020</subfield>
		</datafield>
		<datafield tag="337" ind1=" " ind2=" ">
			<subfield code="a">unmediated</subfield>
			<subfield code="b">n</subfield>
			<subfield code="2">rdamedia</subfield>
			<subfield code="0">http://rdaregistry.info/termList/RDAMediaType/1007</subfield>
		</datafield>
		<datafield tag="338" ind1=" " ind2=" ">
			<subfield code="a">volume</subfield>
			<subfield code="b">nc</subfield>
			<subfield code="2">rdacarrier</subfield>
			<subfield code="0">http://rdaregistry.info/termList/RDACarrierType/1049</subfield>
		</datafield>
		<datafield tag="380" ind1=" " ind2=" ">
      			<subfield code="a">Novel</subfield>
      			<subfield code="0">http://id.loc.gov/authorities/genreForms/gf2015026020</subfield>
      			<subfield code="2">LCSH</subfield>
    		</datafield>
		<datafield tag="590" ind1=" " ind2=" ">
			<subfield code="a"> Hentet fra Unicorn: det spanske nasjonalbiblioteket</subfield>
		</datafield>
		<datafield tag="700" ind1="1" ind2=" ">
			<subfield code="a">Baggethun, Kirsti</subfield>
			<subfield code="d">1944-</subfield>
			<subfield code="4">trl</subfield>
			<subfield code="e">tr.</subfield>
			<subfield code="i">Oversetter</subfield>
			<subfield code="0">http://viaf.org/viaf/86862314</subfield>
		</datafield>
		<datafield tag="700" ind1="1" ind2=" ">
			<subfield code="a">García Badell, Regino</subfield>
			<subfield code="4">trl</subfield>
			<subfield code="e">tr.</subfield>
			<subfield code="i">Oversetter</subfield>
			<subfield code="0">http://viaf.org/viaf/107581497</subfield>
		</datafield>
	</record>