
	<record>
		<leader>01143cam a22002653  4500</leader>
		<controlfield tag="001">1640941</controlfield>
		<controlfield tag="003">LIBRIS</controlfield>
		<controlfield tag="005">20031029170825.0</controlfield>
		<controlfield tag="007">ta</controlfield>
		<controlfield tag="008">011211s1913    sw            000 0 swe  </controlfield>
		<datafield tag="040" ind1=" " ind2=" ">
			<subfield code="a">NBR</subfield>
		</datafield>
		<datafield tag="041" ind1="1" ind2=" ">
			<subfield code="a">swe</subfield>
			<subfield code="h">nor</subfield>
		</datafield>
		<datafield tag="084" ind1=" " ind2=" ">
			<subfield code="5">Mo</subfield>
			<subfield code="a">Hcedb.016</subfield>
			<subfield code="2">kssb/8</subfield>
		</datafield>
		<datafield tag="100" ind1="1" ind2=" ">
			<subfield code="a">Undset, Sigrid,</subfield>
			<subfield code="d">1882-1949.</subfield>
			<subfield code="0">http://viaf.org/viaf/73860916</subfield>
			<subfield code="4">aut</subfield>
		</datafield>
		<datafield tag="240" ind1="0" ind2="4">
			<subfield code="a">Den lykkelige alder</subfield>
			<subfield code="l">Swedish</subfield>
			<subfield code="0">http://worldcat.org/entity/work/id/352103032</subfield>
		</datafield>
		<datafield tag="245" ind1="1" ind2="4">
			<subfield code="a">Den lyckliga åldern /</subfield>
			<subfield code="c">Sigrid Undset ; bemynd. övers. från norskan av Vera v. Kræmer.</subfield>
		</datafield>
		<datafield tag="246" ind1="1" ind2=" ">
			<subfield code="i">Originaltittel:</subfield>
			<subfield code="a">Den lykkelige alder</subfield>
		</datafield>
		<datafield tag="250" ind1=" " ind2=" ">
			<subfield code="a">Första svenska upplaga 1913.</subfield>
		</datafield>
		<datafield tag="260" ind1=" " ind2=" ">
			<subfield code="a">Stockholm :</subfield>
			<subfield code="b">Dahlberg,</subfield>
			<subfield code="c">1913.</subfield>
		</datafield>
		<datafield tag="300" ind1=" " ind2=" ">
			<subfield code="a">304 s.</subfield>
		</datafield>
		<datafield tag="336" ind1=" " ind2=" ">
			<subfield code="a">text</subfield>
			<subfield code="b">txt</subfield>
			<subfield code="0">http://www.rdaregistry.info/termList/RDAContentType/1020</subfield>
			<subfield code="2">rdacontent</subfield>
		</datafield>
		<datafield tag="337" ind1=" " ind2=" ">
			<subfield code="a">unmediated</subfield>
			<subfield code="b">n</subfield>
			<subfield code="0">http://rdaregistry.info/termList/RDAMediaType/1007</subfield>
			<subfield code="2">rdamedia</subfield>
		</datafield>
		<datafield tag="338" ind1=" " ind2=" ">
			<subfield code="a">volume</subfield>
			<subfield code="b">nc</subfield>
			<subfield code="0">http://rdaregistry.info/termList/RDACarrierType/1049</subfield>
			<subfield code="2">rdacarrier</subfield>
		</datafield>
		<datafield tag="590" ind1=" " ind2=" ">
			<subfield code="a">Hentet fra Libris</subfield>
		</datafield>
		<datafield tag="700" ind1="1" ind2=" ">
			<subfield code="a">Kræmer, Vera von, </subfield>
			<subfield code="d">1878-1940.</subfield>
			<subfield code="i">http://rdaregistry.info/Elements/a/object/P50145</subfield>
			<subfield code="0">http://viaf.org/viaf/77415560</subfield>
			<subfield code="4">trl</subfield>
		</datafield>
	</record>