
	<record>
		<leader>01002cam a2200229u  4500</leader>
		<controlfield tag="001">8255382</controlfield>
		<controlfield tag="005">20040903165401.0</controlfield>
		<controlfield tag="007">ta</controlfield>
		<controlfield tag="008">821029s1921    nyu           000 0 eng  </controlfield>
		<datafield tag="010" ind1=" " ind2=" ">
			<subfield code="a">   21018947 </subfield>
		</datafield>
		<datafield tag="040" ind1=" " ind2=" ">
			<subfield code="a">DLC</subfield>
			<subfield code="c">CarP</subfield>
			<subfield code="d">DLC</subfield>
		</datafield>
		<datafield tag="050" ind1="0" ind2="0">
			<subfield code="a">PZ3.U568</subfield>
			<subfield code="b">Je</subfield>
		</datafield>
		<datafield tag="100" ind1="1" ind2=" ">
			<subfield code="a">Undset, Sigrid,</subfield>
			<subfield code="d">1882-1949.</subfield>
			<subfield code="0">http://viaf.org/viaf/73860916</subfield>
			<subfield code="4">aut</subfield>
		</datafield>
		<datafield tag="240" ind1="0" ind2="0">
			<subfield code="a">Jenny</subfield>
			<subfield code="l">English</subfield>
			<subfield code="0">http://viaf.org/viaf/7979148574368324430002</subfield>
		</datafield>
		<datafield tag="245" ind1="1" ind2="0">
			<subfield code="a">Jenny :</subfield>
			<subfield code="b">a novel /</subfield>
			<subfield code="c">Sigrid Undset.</subfield>
		</datafield>
		<datafield tag="260" ind1=" " ind2=" ">
			<subfield code="a">New York, N.Y :</subfield>
			<subfield code="b">A. A. Knopf,</subfield>
			<subfield code="c">1921.</subfield>
		</datafield>
		<datafield tag="300" ind1=" " ind2=" ">
			<subfield code="a">305 s. ;</subfield>
			<subfield code="c">20 cm</subfield>
		</datafield>
		<datafield tag="336" ind1=" " ind2=" ">
			<subfield code="a">text</subfield>
			<subfield code="b">txt</subfield>
			<subfield code="0">http://www.rdaregistry.info/termList/RDAContentType/1020</subfield>
			<subfield code="2">rdacontent</subfield>
		</datafield>
		<datafield tag="337" ind1=" " ind2=" ">
			<subfield code="a">unmediated</subfield>
			<subfield code="b">n</subfield>
			<subfield code="0">http://rdaregistry.info/termList/RDAMediaType/1007</subfield>
			<subfield code="2">rdamedia</subfield>
		</datafield>
		<datafield tag="338" ind1=" " ind2=" ">
			<subfield code="a">volume</subfield>
			<subfield code="b">nc</subfield>
			<subfield code="0">http://rdaregistry.info/termList/RDACarrierType/1049</subfield>
			<subfield code="2">rdacarrier</subfield>
		</datafield>
		<datafield tag="590" ind1=" " ind2=" ">
			<subfield code="a">Hentet fra LoC: Library of Congress</subfield>
		</datafield>
		<datafield tag="700" ind1="1" ind2=" ">
			<subfield code="E">mmé, William, </subfield>
			<subfield code="d">1882-?.</subfield>
			<subfield code="i">http://rdaregistry.info/Elements/a/object/P50145</subfield>
			<subfield code="0">http://worldcat.org/entity/person/id/2708115874</subfield>
			<subfield code="4">trl</subfield>
		</datafield>
	</record>