
	<record>
		<leader>00989nam a2200205 a 450 </leader>
		<controlfield tag="001">0069713</controlfield>
		<controlfield tag="007">ta</controlfield>
		<controlfield tag="008">940208s1994    no                1 nob  </controlfield>
		<datafield tag="020" ind1=" " ind2=" ">
			<subfield code="a">8203173918 (h.)</subfield>
			<subfield code="c">Nkr 98.00</subfield>
		</datafield>
		<datafield tag="100" ind1="1" ind2=" ">
			<subfield code="a">Undset, Sigrid,</subfield>
			<subfield code="d">1882-1949.</subfield>
			<subfield code="0">http://viaf.org/viaf/73860916</subfield>
			<subfield code="4">aut</subfield>
		</datafield>
		<datafield tag="240" ind1="0" ind2="0">
			<subfield code="a">Fortellinger om kong Artur og ridderne av det runde bord</subfield>
			<subfield code="l">Norwegian</subfield>
			<subfield code="0">http://worldcat.org/entity/work/id/2908519224</subfield>
		</datafield>
		<datafield tag="245" ind1="1" ind2="0">
			<subfield code="a">Fortellinger om kong Artur og ridderne av det runde bord /</subfield>
			<subfield code="c">Sigrid Undset.</subfield>
		</datafield>
		<datafield tag="260" ind1=" " ind2=" ">
			<subfield code="a">Oslo :</subfield>
			<subfield code="b">Aschehoug,</subfield>
			<subfield code="c">1994.</subfield>
		</datafield>
		<datafield tag="300" ind1=" " ind2=" ">
			<subfield code="a">215 s. :</subfield>
			<subfield code="b">ill.</subfield>
		</datafield>
		<datafield tag="336" ind1=" " ind2=" ">
			<subfield code="a">text</subfield>
			<subfield code="b">txt</subfield>
			<subfield code="0">http://www.rdaregistry.info/termList/RDAContentType/1020</subfield>
			<subfield code="2">rdacontent</subfield>
		</datafield>
		<datafield tag="337" ind1=" " ind2=" ">
			<subfield code="a">unmediated</subfield>
			<subfield code="b">n</subfield>
			<subfield code="0">http://rdaregistry.info/termList/RDAMediaType/1007</subfield>
			<subfield code="2">rdamedia</subfield>
		</datafield>
		<datafield tag="338" ind1=" " ind2=" ">
			<subfield code="a">volume</subfield>
			<subfield code="b">nc</subfield>
			<subfield code="0">http://rdaregistry.info/termList/RDACarrierType/1049</subfield>
			<subfield code="2">rdacarrier</subfield>
		</datafield>
		<datafield tag="534" ind1=" " ind2=" ">
			<subfield code="p">Opprinnelig utgitt:</subfield>
			<subfield code="c">1915.</subfield>
		</datafield>
		<datafield tag="590" ind1=" " ind2=" ">
			<subfield code="a">Hentet fra Bergen offentlige bibliotek</subfield>
		</datafield>
		<datafield tag="600" ind1="0" ind2="0">
			<subfield code="a">Arthur,</subfield>
			<subfield code="c">King.</subfield>
			<subfield code="0">http://id.loc.gov/authorities/names/n79055479</subfield>
		</datafield>
	</record>