
	<record>
		<leader>01037cam a22002773a 4500</leader>
		<controlfield tag="001">17088646</controlfield>
		<controlfield tag="003">LIBRIS</controlfield>
		<controlfield tag="005">20141028151559.0</controlfield>
		<controlfield tag="007">ta</controlfield>
		<controlfield tag="008">141028s1918    no            000 1 nor d</controlfield>
		<datafield tag="040" ind1=" " ind2=" ">
			<subfield code="a">CLE</subfield>
			<subfield code="b">eng</subfield>
			<subfield code="c">CLE</subfield>
			<subfield code="d">VSF</subfield>
			<subfield code="d">OCLCG</subfield>
			<subfield code="d">UKMGB</subfield>
			<subfield code="d">OCLCQ</subfield>
			<subfield code="d">Tosb</subfield>
		</datafield>
		<datafield tag="050" ind1=" " ind2="4">
			<subfield code="a">PT8950.U5</subfield>
			<subfield code="b">K5 1918</subfield>
		</datafield>
		<datafield tag="100" ind1="1" ind2=" ">
			<subfield code="a">Undset, Sigrid,</subfield>
			<subfield code="d">1882-1949.</subfield>
			<subfield code="0">http://viaf.org/viaf/73860916</subfield>
			<subfield code="4">aut</subfield>
		</datafield>
		<datafield tag="240" ind1="0" ind2="3">
			<subfield code="a">De kloge jomfruer</subfield>
			<subfield code="l">Norwegian</subfield>
			<subfield code="0">http://worldcat.org/entity/work/id/347793980</subfield>
		</datafield>
		<datafield tag="245" ind1="1" ind2="3">
			<subfield code="a">De kloge jomfruer /</subfield>
			<subfield code="c">Sigrid Undset.</subfield>
		</datafield>
		<datafield tag="260" ind1=" " ind2=" ">
			<subfield code="a">Kristiania :</subfield>
			<subfield code="b">Aschehoug,</subfield>
			<subfield code="c">1918.</subfield>
		</datafield>
		<datafield tag="300" ind1=" " ind2=" ">
			<subfield code="a">183 s.</subfield>
		</datafield>
		<datafield tag="336" ind1=" " ind2=" ">
			<subfield code="a">text</subfield>
			<subfield code="b">txt</subfield>
			<subfield code="0">http://www.rdaregistry.info/termList/RDAContentType/1020</subfield>
			<subfield code="2">rdacontent</subfield>
		</datafield>
		<datafield tag="337" ind1=" " ind2=" ">
			<subfield code="a">unmediated</subfield>
			<subfield code="b">n</subfield>
			<subfield code="0">http://rdaregistry.info/termList/RDAMediaType/1007</subfield>
			<subfield code="2">rdamedia</subfield>
		</datafield>
		<datafield tag="338" ind1=" " ind2=" ">
			<subfield code="a">volume</subfield>
			<subfield code="b">nc</subfield>
			<subfield code="0">http://rdaregistry.info/termList/RDACarrierType/1049</subfield>
			<subfield code="2">rdacarrier</subfield>
		</datafield>
		<datafield tag="505" ind1="0" ind2=" ">
			<subfield code="a">Smaapiker ; Tjodolf ; Gunvald og Emma.</subfield>
		</datafield>
		<datafield tag="590" ind1=" " ind2=" ">
			<subfield code="a">Hentet fra Libris</subfield>
		</datafield>
		<datafield tag="740" ind1="0" ind2="2">
			<subfield code="a">Smaapiker.</subfield>
		</datafield>
		<datafield tag="740" ind1="0" ind2="2">
			<subfield code="a">Småpiker.</subfield>
		</datafield>
		<datafield tag="740" ind1="0" ind2="2">
			<subfield code="a">Tjodolf.</subfield>
		</datafield>
		<datafield tag="740" ind1="0" ind2="2">
			<subfield code="a">Gunvald og Emma.</subfield>
		</datafield>
	</record>