
	<record>
		<leader>01215cam a22002651  4500</leader>
		<controlfield tag="001">8739876</controlfield>
		<controlfield tag="005">20021104153922.0</controlfield>
		<controlfield tag="007">ta</controlfield>
		<controlfield tag="008">750515s1928    nyu           000 1 eng  </controlfield>
		<datafield tag="010" ind1=" " ind2=" ">
			<subfield code="a">   28004666 </subfield>
		</datafield>
		<datafield tag="040" ind1=" " ind2=" ">
			<subfield code="a">DLC</subfield>
			<subfield code="c">OKentU</subfield>
			<subfield code="d">OCoLC</subfield>
			<subfield code="d">DLC</subfield>
		</datafield>
		<datafield tag="041" ind1="1" ind2=" ">
			<subfield code="a">eng</subfield>
			<subfield code="h">nor</subfield>
		</datafield>
		<datafield tag="050" ind1="0" ind2="0">
			<subfield code="a">PZ3.U568</subfield>
			<subfield code="b">Ax</subfield>
		</datafield>
		<datafield tag="100" ind1="1" ind2=" ">
			<subfield code="a">Undset, Sigrid,</subfield>
			<subfield code="d">1882-1949.</subfield>
			<subfield code="0">http://viaf.org/viaf/73860916</subfield>
			<subfield code="4">aut</subfield>
		</datafield>
		<datafield tag="240" ind1="0" ind2="0">
			<subfield code="a">Olav Audunssøn i Hestviken</subfield>
			<subfield code="l">English</subfield>
			<subfield code="0">http://viaf.org/viaf/180723534</subfield>
		</datafield>
		<datafield tag="245" ind1="1" ind2="4">
			<subfield code="a">The axe /</subfield>
			<subfield code="c">by Sigrid Undset ; translated from the Norwegian by Arthur G. Chater.</subfield>
		</datafield>
		<datafield tag="246" ind1="1" ind2=" ">
			<subfield code="i">Originaltittel:</subfield>
			<subfield code="a">Olav Audunssøn i Hestviken</subfield>
		</datafield>
		<datafield tag="260" ind1=" " ind2=" ">
			<subfield code="a">New York, N.Y :</subfield>
			<subfield code="b">A. A. Knopf,</subfield>
			<subfield code="c">1928.</subfield>
		</datafield>
		<datafield tag="300" ind1=" " ind2=" ">
			<subfield code="a">341 s. ;</subfield>
			<subfield code="c">22 cm</subfield>
		</datafield>
		<datafield tag="336" ind1=" " ind2=" ">
			<subfield code="a">text</subfield>
			<subfield code="b">txt</subfield>
			<subfield code="0">http://www.rdaregistry.info/termList/RDAContentType/1020</subfield>
			<subfield code="2">rdacontent</subfield>
		</datafield>
		<datafield tag="337" ind1=" " ind2=" ">
			<subfield code="a">unmediated</subfield>
			<subfield code="b">n</subfield>
			<subfield code="0">http://rdaregistry.info/termList/RDAMediaType/1007</subfield>
			<subfield code="2">rdamedia</subfield>
		</datafield>
		<datafield tag="338" ind1=" " ind2=" ">
			<subfield code="a">volume</subfield>
			<subfield code="b">nc</subfield>
			<subfield code="0">http://rdaregistry.info/termList/RDACarrierType/1049</subfield>
			<subfield code="2">rdacarrier</subfield>
		</datafield>
		<datafield tag="500" ind1=" " ind2=" ">
			<subfield code="a">Later known as: The master of Hestviken : The axe.</subfield>
		</datafield>
		<datafield tag="590" ind1=" " ind2=" ">
			<subfield code="a">Hentet fra LoC: Library of Congress</subfield>
		</datafield>
		<datafield tag="700" ind1="1" ind2=" ">
			<subfield code="a">Chater, Arthur Grosvenor, </subfield>
			<subfield code="d">1866-1951.</subfield>
			<subfield code="i">http://rdaregistry.info/Elements/a/object/P50145</subfield>
			<subfield code="0">http://viaf.org/viaf/27040931</subfield>
			<subfield code="4">trl</subfield>
		</datafield>
	</record>