
	<record>
		<leader>01278cam a22003131  4500</leader>
		<controlfield tag="001">10148985</controlfield>
		<controlfield tag="005">20050503185044.0</controlfield>
		<controlfield tag="007">ta</controlfield>
		<controlfield tag="008">810324s1929    no            000 0 nor  </controlfield>
		<datafield tag="010" ind1=" " ind2=" ">
			<subfield code="a">   29014932 </subfield>
		</datafield>
		<datafield tag="040" ind1=" " ind2=" ">
			<subfield code="a">DLC</subfield>
			<subfield code="c">OCl</subfield>
			<subfield code="d">FU</subfield>
			<subfield code="d">DLC</subfield>
		</datafield>
		<datafield tag="042" ind1=" " ind2=" ">
			<subfield code="a">premarc</subfield>
		</datafield>
		<datafield tag="050" ind1="0" ind2="0">
			<subfield code="a">PT8950.U5</subfield>
			<subfield code="b">E7 1929</subfield>
		</datafield>
		<datafield tag="100" ind1="1" ind2=" ">
			<subfield code="a">Undset, Sigrid,</subfield>
			<subfield code="d">1882-1949.</subfield>
			<subfield code="0">http://viaf.org/viaf/73860916</subfield>
			<subfield code="4">aut</subfield>
		</datafield>
		<datafield tag="240" ind1="0" ind2="0">
			<subfield code="a">Etapper</subfield>
			<subfield code="l">Norwegian</subfield>
			<subfield code="0">http://worldcat.org/entity/work/id/3943852484</subfield>
		</datafield>
		<datafield tag="245" ind1="1" ind2="0">
			<subfield code="a">Etapper /</subfield>
			<subfield code="c">Sigrid Undset.</subfield>
		</datafield>
		<datafield tag="260" ind1=" " ind2=" ">
			<subfield code="a">Oslo :</subfield>
			<subfield code="b">Aschehoug,</subfield>
			<subfield code="c">1929.</subfield>
		</datafield>
		<datafield tag="300" ind1=" " ind2=" ">
			<subfield code="a">249 s. ;</subfield>
			<subfield code="c">20 cm</subfield>
		</datafield>
		<datafield tag="336" ind1=" " ind2=" ">
			<subfield code="a">text</subfield>
			<subfield code="b">txt</subfield>
			<subfield code="0">http://www.rdaregistry.info/termList/RDAContentType/1020</subfield>
			<subfield code="2">rdacontent</subfield>
		</datafield>
		<datafield tag="337" ind1=" " ind2=" ">
			<subfield code="a">unmediated</subfield>
			<subfield code="b">n</subfield>
			<subfield code="0">http://rdaregistry.info/termList/RDAMediaType/1007</subfield>
			<subfield code="2">rdamedia</subfield>
		</datafield>
		<datafield tag="338" ind1=" " ind2=" ">
			<subfield code="a">volume</subfield>
			<subfield code="b">nc</subfield>
			<subfield code="0">http://rdaregistry.info/termList/RDACarrierType/1049</subfield>
			<subfield code="2">rdacarrier</subfield>
		</datafield>
		<datafield tag="505" ind1="0" ind2=" ">
			<subfield code="a">Første gang utenlands ; Tre søstre (Charlotte, Emily Jane og Anne Brontë) ; Dikken Zwilgmeyer ; Efterskrift ; Om folkeviser ; Strømmen tyner.</subfield>
		</datafield>
		<datafield tag="590" ind1=" " ind2=" ">
			<subfield code="a">Hentet fra LoC: Library of Congress</subfield>
		</datafield>
		<datafield tag="740" ind1="0" ind2="2">
			<subfield code="a">Første gang utenlands.</subfield>
		</datafield>
		<datafield tag="740" ind1="0" ind2="2">
			<subfield code="a">Tre søstre (Charlotte, Emily Jane og Anne Brontë).</subfield>
		</datafield>
		<datafield tag="740" ind1="0" ind2="2">
			<subfield code="a">Dikken Zwilgmeyer.</subfield>
		</datafield>
		<datafield tag="740" ind1="0" ind2="2">
			<subfield code="a">Efterskrift.</subfield>
		</datafield>
		<datafield tag="740" ind1="0" ind2="2">
			<subfield code="a">Om folkeviser.</subfield>
		</datafield>
		<datafield tag="740" ind1="0" ind2="2">
			<subfield code="a">Strømmen tyner.</subfield>
		</datafield>
	</record>