
	<record>
		<leader>01330cam a22003493  4500</leader>
		<controlfield tag="001">1926977</controlfield>
		<controlfield tag="003">LIBRIS</controlfield>
		<controlfield tag="005">20031029170839.0</controlfield>
		<controlfield tag="007">ta</controlfield>
		<controlfield tag="008">011211s1933    no            000 0 nor c</controlfield>
		<datafield tag="040" ind1=" " ind2=" ">
			<subfield code="a">G</subfield>
		</datafield>
		<datafield tag="082" ind1="0" ind2="4">
			<subfield code="a">839.82</subfield>
			<subfield code="2">22 (machine generated)</subfield>
		</datafield>
		<datafield tag="084" ind1=" " ind2=" ">
			<subfield code="a">Hdb.04</subfield>
			<subfield code="2">kssb/6</subfield>
		</datafield>
		<datafield tag="084" ind1=" " ind2=" ">
			<subfield code="5">G</subfield>
			<subfield code="a">Hdb.04</subfield>
			<subfield code="2">kssb/6</subfield>
		</datafield>
		<datafield tag="084" ind1=" " ind2=" ">
			<subfield code="5">Mo</subfield>
			<subfield code="a">Hdb.04</subfield>
			<subfield code="2">kssb/8</subfield>
		</datafield>
		<datafield tag="100" ind1="1" ind2=" ">
			<subfield code="a">Undset, Sigrid,</subfield>
			<subfield code="d">1882-1949.</subfield>
			<subfield code="0">http://viaf.org/viaf/73860916</subfield>
			<subfield code="4">aut</subfield>
		</datafield>
		<datafield tag="240" ind1="0" ind2="0">
			<subfield code="a">Etapper</subfield>
			<subfield code="l">Norwegian</subfield>
			<subfield code="0">http://viaf.org/viaf/316332362</subfield>
		</datafield>
		<datafield tag="245" ind1="1" ind2="0">
			<subfield code="a">Etapper :</subfield>
			<subfield code="b">ny række /</subfield>
			<subfield code="c">Sigrid Undset.</subfield>
		</datafield>
		<datafield tag="260" ind1=" " ind2=" ">
			<subfield code="a">Oslo :</subfield>
			<subfield code="b">Aschehoug,</subfield>
			<subfield code="c">1933.</subfield>
		</datafield>
		<datafield tag="300" ind1=" " ind2=" ">
			<subfield code="a">224 s.</subfield>
		</datafield>
		<datafield tag="336" ind1=" " ind2=" ">
			<subfield code="a">text</subfield>
			<subfield code="b">txt</subfield>
			<subfield code="0">http://www.rdaregistry.info/termList/RDAContentType/1020</subfield>
			<subfield code="2">rdacontent</subfield>
		</datafield>
		<datafield tag="337" ind1=" " ind2=" ">
			<subfield code="a">unmediated</subfield>
			<subfield code="b">n</subfield>
			<subfield code="0">http://rdaregistry.info/termList/RDAMediaType/1007</subfield>
			<subfield code="2">rdamedia</subfield>
		</datafield>
		<datafield tag="338" ind1=" " ind2=" ">
			<subfield code="a">volume</subfield>
			<subfield code="b">nc</subfield>
			<subfield code="0">http://rdaregistry.info/termList/RDACarrierType/1049</subfield>
			<subfield code="2">rdacarrier</subfield>
		</datafield>
		<datafield tag="505" ind1="0" ind2=" ">
			<subfield code="a">Forord ; Ramón Lull fra Palma ; Den hellige Angela Merici ; Robert Southwell S. J. ; Margaret Clitherow ; Til Sankt Jakob ; Svar til en sogneprest.</subfield>
		</datafield>
		<datafield tag="590" ind1=" " ind2=" ">
			<subfield code="a">Hentet fra Libris</subfield>
		</datafield>
		<datafield tag="740" ind1="0" ind2="2">
			<subfield code="a">Forord.</subfield>
		</datafield>
		<datafield tag="740" ind1="0" ind2="2">
			<subfield code="a">Ramón Lull fra Palma.</subfield>
		</datafield>
		<datafield tag="740" ind1="0" ind2="2">
			<subfield code="a">Den hellige Angela Merici.</subfield>
		</datafield>
		<datafield tag="740" ind1="0" ind2="2">
			<subfield code="a">Robert Southwell S. J.</subfield>
		</datafield>
		<datafield tag="740" ind1="0" ind2="2">
			<subfield code="a">Margaret Clitherow.</subfield>
		</datafield>
		<datafield tag="740" ind1="0" ind2="2">
			<subfield code="a">Til Sankt Jakob.</subfield>
		</datafield>
		<datafield tag="740" ind1="0" ind2="2">
			<subfield code="a">Svar til en sogneprest.</subfield>
		</datafield>
	</record>