
	<record>
		<leader>01720nam a2200361 a 450 </leader>
		<controlfield tag="001">0039255</controlfield>
		<controlfield tag="007">ta</controlfield>
		<controlfield tag="008">921102s1937    no             0  0 nor  </controlfield>
		<datafield tag="041" ind1=" " ind2=" ">
			<subfield code="a">nor</subfield>
			<subfield code="h">engnor</subfield>
		</datafield>
		<datafield tag="082" ind1="1" ind2="4">
			<subfield code="a">235.2</subfield>
		</datafield>
		<datafield tag="100" ind1="1" ind2=" ">
			<subfield code="a">Undset, Sigrid,</subfield>
			<subfield code="d">1882-1949.</subfield>
			<subfield code="0">http://viaf.org/viaf/73860916</subfield>
			<subfield code="4">aut</subfield>
		</datafield>
		<datafield tag="240" ind1="0" ind2="0">
			<subfield code="a">Saga of the Saints</subfield>
			<subfield code="l">Norwegian</subfield>
			<subfield code="0">http://viaf.org/viaf/4881149068580465730005</subfield>
		</datafield>
		<datafield tag="245" ind1="1" ind2="0">
			<subfield code="a">Norske helgener /</subfield>
			<subfield code="c">Sigrid Undset.</subfield>
		</datafield>
		<datafield tag="246" ind1="1" ind2=" ">
			<subfield code="i">Originaltittel:</subfield>
			<subfield code="a">Saga of the Saints</subfield>
		</datafield>
		<datafield tag="250" ind1=" " ind2=" ">
			<subfield code="a">Første norske utg.</subfield>
		</datafield>
		<datafield tag="260" ind1=" " ind2=" ">
			<subfield code="a">Oslo :</subfield>
			<subfield code="b">Aschehoug,</subfield>
			<subfield code="c">1937.</subfield>
		</datafield>
		<datafield tag="300" ind1=" " ind2=" ">
			<subfield code="a">301 s., [8] pl. :</subfield>
			<subfield code="b">ill., port.</subfield>
		</datafield>
		<datafield tag="336" ind1=" " ind2=" ">
			<subfield code="a">text</subfield>
			<subfield code="b">txt</subfield>
			<subfield code="0">http://www.rdaregistry.info/termList/RDAContentType/1020</subfield>
			<subfield code="2">rdacontent</subfield>
		</datafield>
		<datafield tag="337" ind1=" " ind2=" ">
			<subfield code="a">unmediated</subfield>
			<subfield code="b">n</subfield>
			<subfield code="0">http://rdaregistry.info/termList/RDAMediaType/1007</subfield>
			<subfield code="2">rdamedia</subfield>
		</datafield>
		<datafield tag="338" ind1=" " ind2=" ">
			<subfield code="a">volume</subfield>
			<subfield code="b">nc</subfield>
			<subfield code="0">http://rdaregistry.info/termList/RDACarrierType/1049</subfield>
			<subfield code="2">rdacarrier</subfield>
		</datafield>
		<datafield tag="500" ind1=" " ind2=" ">
			<subfield code="a">Den norske utgaven er delvis omarbeidet.</subfield>
		</datafield>
		<datafield tag="505" ind1="0" ind2=" ">
			<subfield code="a">Norske helgener ; Trosskiftet i Norge ; Sankta Sunniva og Seljemennene ; Hellig Olav, Norges konge ; Sankt Hallvard ; Sankt Magnus Orknøyjarl ; Sankt Eystein, erkebiskop av Nidaros ; Sankt Thorfinn, biskop av Hamar ; Pater Karl Schilling, Barnabitt.</subfield>
		</datafield>
		<datafield tag="534" ind1=" " ind2=" ">
			<subfield code="p">Opprinnelig utgitt:</subfield>
			<subfield code="c">London, 1934,</subfield>
			<subfield code="t">Saga of the Saints.</subfield>
			<subfield code="n">Del av Sheed &amp; Wards-serien "Saints".</subfield>
		</datafield>
		<datafield tag="590" ind1=" " ind2=" ">
			<subfield code="a">Hentet fra Bergen offentlige bibliotek</subfield>
		</datafield>
		<datafield tag="650" ind1=" " ind2="4">
			<subfield code="a">Helgener</subfield>
			<subfield code="2">humord</subfield>
		</datafield>
		<datafield tag="740" ind1="0" ind2="2">
			<subfield code="a">Trosskiftet i Norge.</subfield>
		</datafield>
		<datafield tag="740" ind1="0" ind2="2">
			<subfield code="a">Sankta Sunniva og Seljemennene.</subfield>
		</datafield>
		<datafield tag="740" ind1="0" ind2="2">
			<subfield code="a">Hellig Olav, Norges konge.</subfield>
		</datafield>
		<datafield tag="740" ind1="0" ind2="2">
			<subfield code="a">Sankt Hallvard.</subfield>
		</datafield>
		<datafield tag="740" ind1="0" ind2="2">
			<subfield code="a">Sankt Magnus Orknøyjarl.</subfield>
		</datafield>
		<datafield tag="740" ind1="0" ind2="2">
			<subfield code="a">Sankt Eystein, erkebiskop av Nidaros.</subfield>
		</datafield>
		<datafield tag="740" ind1="0" ind2="2">
			<subfield code="a">Sankt Thorfinn, biskop av Hamar.</subfield>
		</datafield>
		<datafield tag="740" ind1="0" ind2="2">
			<subfield code="a">Pater Karl Schilling, Barnabitt.</subfield>
		</datafield>
	</record>