
	<record>
		<leader>01180cam a22002891  4500</leader>
		<controlfield tag="001">6918623</controlfield>
		<controlfield tag="005">20050820182028.0</controlfield>
		<controlfield tag="007">ta</controlfield>
		<controlfield tag="008">720428s1942    nyua          000 1 eng  </controlfield>
		<datafield tag="010" ind1=" " ind2=" ">
			<subfield code="a">   42019694 </subfield>
		</datafield>
		<datafield tag="040" ind1=" " ind2=" ">
			<subfield code="a">DLC</subfield>
			<subfield code="c">ODaWU</subfield>
			<subfield code="d">OCoLC</subfield>
			<subfield code="d">DLC</subfield>
		</datafield>
		<datafield tag="041" ind1="1" ind2=" ">
			<subfield code="a">eng</subfield>
			<subfield code="h">nor</subfield>
		</datafield>
		<datafield tag="042" ind1=" " ind2=" ">
			<subfield code="a">premarc</subfield>
		</datafield>
		<datafield tag="050" ind1="0" ind2="0">
			<subfield code="a">PT8950.U5</subfield>
			<subfield code="b">H3</subfield>
		</datafield>
		<datafield tag="082" ind1=" " ind2=" ">
			<subfield code="a">914.81</subfield>
		</datafield>
		<datafield tag="100" ind1="1" ind2=" ">
			<subfield code="a">Undset, Sigrid,</subfield>
			<subfield code="d">1882-1949.</subfield>
			<subfield code="0">http://viaf.org/viaf/73860916</subfield>
			<subfield code="4">aut</subfield>
		</datafield>
		<datafield tag="240" ind1="0" ind2="0">
			<subfield code="a">Happy times in Norway</subfield>
			<subfield code="l">English</subfield>
			<subfield code="0">http://viaf.org/viaf/313930946</subfield>
		</datafield>
		<datafield tag="245" ind1="1" ind2="0">
			<subfield code="a">Happy times in Norway /</subfield>
			<subfield code="c">Sigrid Undset.</subfield>
		</datafield>
		<datafield tag="250" ind1=" " ind2=" ">
			<subfield code="a">First edition.</subfield>
		</datafield>
		<datafield tag="260" ind1=" " ind2=" ">
			<subfield code="a">New York, N.Y :</subfield>
			<subfield code="b">A. A. Knopf,</subfield>
			<subfield code="c">1942.</subfield>
		</datafield>
		<datafield tag="300" ind1=" " ind2=" ">
			<subfield code="a">viii, 224 s. ;</subfield>
			<subfield code="c">20 cm</subfield>
		</datafield>
		<datafield tag="336" ind1=" " ind2=" ">
			<subfield code="a">text</subfield>
			<subfield code="b">txt</subfield>
			<subfield code="0">http://www.rdaregistry.info/termList/RDAContentType/1020</subfield>
			<subfield code="2">rdacontent</subfield>
		</datafield>
		<datafield tag="337" ind1=" " ind2=" ">
			<subfield code="a">unmediated</subfield>
			<subfield code="b">n</subfield>
			<subfield code="0">http://rdaregistry.info/termList/RDAMediaType/1007</subfield>
			<subfield code="2">rdamedia</subfield>
		</datafield>
		<datafield tag="338" ind1=" " ind2=" ">
			<subfield code="a">volume</subfield>
			<subfield code="b">nc</subfield>
			<subfield code="0">http://rdaregistry.info/termList/RDACarrierType/1049</subfield>
			<subfield code="2">rdacarrier</subfield>
		</datafield>
		<datafield tag="500" ind1=" " ind2=" ">
			<subfield code="a">Translated from the Norwegian by Joran Birkeland.</subfield>
		</datafield>
		<datafield tag="590" ind1=" " ind2=" ">
			<subfield code="a">Hentet fra LoC: Library of Congress</subfield>
		</datafield>
		<datafield tag="700" ind1="1" ind2=" ">
			<subfield code="B">irkeland, Joran.</subfield>
			<subfield code="i">http://rdaregistry.info/Elements/a/object/P50145</subfield>
			<subfield code="0">http://viaf.org/viaf/55145971577032332515</subfield>
			<subfield code="4">trl</subfield>
		</datafield>
	</record>