
	<record>
		<leader>01024nam a2200265 a 450 </leader>
		<controlfield tag="001">0050405</controlfield>
		<controlfield tag="007">ta</controlfield>
		<controlfield tag="008">930429s1945                   0  0 nor  </controlfield>
		<datafield tag="082" ind1="1" ind2="4">
			<subfield code="a">910.4</subfield>
		</datafield>
		<datafield tag="082" ind1="1" ind2="4">
			<subfield code="a">921</subfield>
		</datafield>
		<datafield tag="082" ind1="1" ind2="4">
			<subfield code="a">940.53</subfield>
		</datafield>
		<datafield tag="100" ind1="1" ind2=" ">
			<subfield code="a">Undset, Sigrid,</subfield>
			<subfield code="d">1882-1949.</subfield>
			<subfield code="0">http://viaf.org/viaf/73860916</subfield>
			<subfield code="4">aut</subfield>
		</datafield>
		<datafield tag="240" ind1="0" ind2="0">
			<subfield code="a">Return to the Future</subfield>
			<subfield code="l">Norwegian</subfield>
			<subfield code="0">http://viaf.org/viaf/4915148574273424430006</subfield>
		</datafield>
		<datafield tag="245" ind1="1" ind2="0">
			<subfield code="a">Tilbake til fremtiden /</subfield>
			<subfield code="c">Sigrid Undset.</subfield>
		</datafield>
		<datafield tag="246" ind1="1" ind2=" ">
			<subfield code="i">Originaltittel:</subfield>
			<subfield code="a">Return to the Future</subfield>
		</datafield>
		<datafield tag="260" ind1=" " ind2=" ">
			<subfield code="a">Oslo :</subfield>
			<subfield code="b">Aschehoug,</subfield>
			<subfield code="c">1945.</subfield>
		</datafield>
		<datafield tag="300" ind1=" " ind2=" ">
			<subfield code="a">209 s.</subfield>
		</datafield>
		<datafield tag="336" ind1=" " ind2=" ">
			<subfield code="a">text</subfield>
			<subfield code="b">txt</subfield>
			<subfield code="0">http://www.rdaregistry.info/termList/RDAContentType/1020</subfield>
			<subfield code="2">rdacontent</subfield>
		</datafield>
		<datafield tag="337" ind1=" " ind2=" ">
			<subfield code="a">unmediated</subfield>
			<subfield code="b">n</subfield>
			<subfield code="0">http://rdaregistry.info/termList/RDAMediaType/1007</subfield>
			<subfield code="2">rdamedia</subfield>
		</datafield>
		<datafield tag="338" ind1=" " ind2=" ">
			<subfield code="a">volume</subfield>
			<subfield code="b">nc</subfield>
			<subfield code="0">http://rdaregistry.info/termList/RDACarrierType/1049</subfield>
			<subfield code="2">rdacarrier</subfield>
		</datafield>
		<datafield tag="590" ind1=" " ind2=" ">
			<subfield code="a">Hentet fra Bergen offentlige bibliotek</subfield>
		</datafield>
		<datafield tag="650" ind1=" " ind2="4">
			<subfield code="a">Andre verdenskrig</subfield>
			<subfield code="2">humord</subfield>
		</datafield>
		<datafield tag="651" ind1=" " ind2="4">
			<subfield code="a">Europa</subfield>
			<subfield code="y">1939-1945.</subfield>
			<subfield code="2">humord</subfield>
		</datafield>
		<datafield tag="655" ind1=" " ind2="7">
			<subfield code="a">Biografier</subfield>
			<subfield code="2">humord</subfield>
		</datafield>
		<datafield tag="655" ind1=" " ind2="7">
			<subfield code="a">Reiseskildringer</subfield>
			<subfield code="2">humord</subfield>
		</datafield>
	</record>