
	<record>
		<leader>01818cam a2200445   4500</leader>
		<controlfield tag="001">7649077</controlfield>
		<controlfield tag="003">LIBRIS</controlfield>
		<controlfield tag="005">20120215120615.0</controlfield>
		<controlfield tag="007">ta</controlfield>
		<controlfield tag="008">011211r19841957sw            000 0 swe  </controlfield>
		<datafield tag="020" ind1=" " ind2=" ">
			<subfield code="a">9175800284 (h.)</subfield>
			<subfield code="c">Skr 100:00</subfield>
		</datafield>
		<datafield tag="040" ind1=" " ind2=" ">
			<subfield code="a">NB</subfield>
		</datafield>
		<datafield tag="041" ind1="1" ind2=" ">
			<subfield code="a">swe</subfield>
			<subfield code="h">noreng</subfield>
		</datafield>
		<datafield tag="042" ind1=" " ind2=" ">
			<subfield code="9">NB</subfield>
		</datafield>
		<datafield tag="082" ind1="0" ind2="4">
			<subfield code="a">235.2</subfield>
			<subfield code="2">22 (machine generated)</subfield>
		</datafield>
		<datafield tag="084" ind1=" " ind2=" ">
			<subfield code="a">Cjz Katarina av Siena</subfield>
			<subfield code="2">kssb/5</subfield>
		</datafield>
		<datafield tag="084" ind1=" " ind2=" ">
			<subfield code="5">Eshe</subfield>
			<subfield code="a">Cjz Katarina av Siena</subfield>
			<subfield code="2">kssb</subfield>
		</datafield>
		<datafield tag="084" ind1=" " ind2=" ">
			<subfield code="5">Kd</subfield>
			<subfield code="a">Cjz Katarina av Siena</subfield>
			<subfield code="2">kssb/5</subfield>
		</datafield>
		<datafield tag="084" ind1=" " ind2=" ">
			<subfield code="5">NB</subfield>
			<subfield code="a">Cjz</subfield>
			<subfield code="2">kssb/5</subfield>
		</datafield>
		<datafield tag="084" ind1=" " ind2=" ">
			<subfield code="5">O</subfield>
			<subfield code="a">Cj.3</subfield>
			<subfield code="2">kssb/5</subfield>
		</datafield>
		<datafield tag="084" ind1=" " ind2=" ">
			<subfield code="5">O</subfield>
			<subfield code="a">Lz Katarina av Siena</subfield>
			<subfield code="2">kssb/5</subfield>
		</datafield>
		<datafield tag="084" ind1=" " ind2=" ">
			<subfield code="5">S</subfield>
			<subfield code="a">Cjz Katarina av Siena</subfield>
			<subfield code="2">kssb/5</subfield>
		</datafield>
		<datafield tag="084" ind1=" " ind2=" ">
			<subfield code="5">U</subfield>
			<subfield code="a">Lz Katarina av Siena</subfield>
			<subfield code="2">kssb/5</subfield>
		</datafield>
		<datafield tag="084" ind1=" " ind2=" ">
			<subfield code="5">U</subfield>
			<subfield code="a">Cjy</subfield>
			<subfield code="2">kssb/5</subfield>
		</datafield>
		<datafield tag="100" ind1="1" ind2=" ">
			<subfield code="a">Undset, Sigrid,</subfield>
			<subfield code="d">1882-1949.</subfield>
			<subfield code="0">http://viaf.org/viaf/73860916</subfield>
			<subfield code="4">aut</subfield>
		</datafield>
		<datafield tag="240" ind1="0" ind2="0">
			<subfield code="a">Caterina av Siena</subfield>
			<subfield code="l">Swedish</subfield>
			<subfield code="0">http://viaf.org/viaf/309346967</subfield>
		</datafield>
		<datafield tag="245" ind1="1" ind2="0">
			<subfield code="a">Katarina av Siena /</subfield>
			<subfield code="c">av Sigrid Undset ;  övers. av Karin Stolpe.</subfield>
		</datafield>
		<datafield tag="246" ind1="1" ind2=" ">
			<subfield code="i">Originaltittel:</subfield>
			<subfield code="a">Caterina av Siena</subfield>
		</datafield>
		<datafield tag="250" ind1=" " ind2=" ">
			<subfield code="a">Nytr. /</subfield>
			<subfield code="b">av uppl., Stockholm : Norstedt, 1957.</subfield>
		</datafield>
		<datafield tag="260" ind1=" " ind2=" ">
			<subfield code="a">Skellefteå :</subfield>
			<subfield code="b">Artos,</subfield>
			<subfield code="c">1984.</subfield>
		</datafield>
		<datafield tag="300" ind1=" " ind2=" ">
			<subfield code="a">319 s. ;</subfield>
			<subfield code="c">21 cm</subfield>
		</datafield>
		<datafield tag="336" ind1=" " ind2=" ">
			<subfield code="a">text</subfield>
			<subfield code="b">txt</subfield>
			<subfield code="0">http://www.rdaregistry.info/termList/RDAContentType/1020</subfield>
			<subfield code="2">rdacontent</subfield>
		</datafield>
		<datafield tag="337" ind1=" " ind2=" ">
			<subfield code="a">unmediated</subfield>
			<subfield code="b">n</subfield>
			<subfield code="0">http://rdaregistry.info/termList/RDAMediaType/1007</subfield>
			<subfield code="2">rdamedia</subfield>
		</datafield>
		<datafield tag="338" ind1=" " ind2=" ">
			<subfield code="a">volume</subfield>
			<subfield code="b">nc</subfield>
			<subfield code="0">http://rdaregistry.info/termList/RDACarrierType/1049</subfield>
			<subfield code="2">rdacarrier</subfield>
		</datafield>
		<datafield tag="534" ind1=" " ind2=" ">
			<subfield code="p">Første svenske utgave:</subfield>
			<subfield code="c">Stockholm : Norstedt, 1957.</subfield>
		</datafield>
		<datafield tag="590" ind1=" " ind2=" ">
			<subfield code="a">Hentet fra Libris</subfield>
		</datafield>
		<datafield tag="600" ind1="0" ind2="0">
			<subfield code="a">Catherine,</subfield>
			<subfield code="c">of Siena, Saint,</subfield>
			<subfield code="d">1347-1380.</subfield>
			<subfield code="0">http://id.loc.gov/authorities/names/n79011075</subfield>
		</datafield>
		<datafield tag="650" ind1=" " ind2="4">
			<subfield code="a">Helgener</subfield>
			<subfield code="2">humord</subfield>
		</datafield>
		<datafield tag="655" ind1=" " ind2="7">
			<subfield code="a">Biografier</subfield>
			<subfield code="2">humord</subfield>
		</datafield>
		<datafield tag="700" ind1="1" ind2=" ">
			<subfield code="a">Stolpe, Karin,</subfield>
			<subfield code="d">1907-2003.</subfield>
			<subfield code="i">http://rdaregistry.info/Elements/a/object/P50145</subfield>
			<subfield code="0">http://viaf.org/viaf/306251882</subfield>
			<subfield code="4">trl</subfield>
		</datafield>
	</record>