
	<record>
		<leader>01369cam a2200325   4500</leader>
		<controlfield tag="001">972191</controlfield>
		<controlfield tag="003">LIBRIS</controlfield>
		<controlfield tag="005">20171025160905.0</controlfield>
		<controlfield tag="007">ta</controlfield>
		<controlfield tag="008">011211s1954    xxk           000 0 eng  </controlfield>
		<datafield tag="040" ind1=" " ind2=" ">
			<subfield code="a">BNB</subfield>
			<subfield code="d">Q</subfield>
		</datafield>
		<datafield tag="041" ind1="1" ind2=" ">
			<subfield code="a">eng</subfield>
			<subfield code="h">noreng</subfield>
		</datafield>
		<datafield tag="082" ind1=" " ind2=" ">
			<subfield code="a">922.22</subfield>
			<subfield code="2">18</subfield>
			<subfield code="a">922.22</subfield>
		</datafield>
		<datafield tag="082" ind1=" " ind2=" ">
			<subfield code="a">922.22</subfield>
			<subfield code="2">18</subfield>
			<subfield code="a">922.22</subfield>
		</datafield>
		<datafield tag="084" ind1=" " ind2=" ">
			<subfield code="a">Cjz Katarina av Siena</subfield>
			<subfield code="2">kssb/8</subfield>
		</datafield>
		<datafield tag="100" ind1="1" ind2=" ">
			<subfield code="a">Undset, Sigrid,</subfield>
			<subfield code="d">1882-1949.</subfield>
			<subfield code="0">http://viaf.org/viaf/73860916</subfield>
			<subfield code="4">aut</subfield>
		</datafield>
		<datafield tag="240" ind1="0" ind2="0">
			<subfield code="a">Caterina av Siena</subfield>
			<subfield code="l">English</subfield>
			<subfield code="0">http://viaf.org/viaf/309346967</subfield>
		</datafield>
		<datafield tag="245" ind1="1" ind2="0">
			<subfield code="a">Catherine of Siena /</subfield>
			<subfield code="c">by Sigrid Undset ; translated from the Norwegian by Kate Austin-Lund.</subfield>
		</datafield>
		<datafield tag="246" ind1="1" ind2=" ">
			<subfield code="i">Originaltittel:</subfield>
			<subfield code="a">Caterina av Siena</subfield>
		</datafield>
		<datafield tag="260" ind1=" " ind2=" ">
			<subfield code="a">London :</subfield>
			<subfield code="b">Sheed &amp; Ward,</subfield>
			<subfield code="c">1954.</subfield>
		</datafield>
		<datafield tag="300" ind1=" " ind2=" ">
			<subfield code="a">vii, 293 s. ;</subfield>
			<subfield code="c">23cm</subfield>
		</datafield>
		<datafield tag="336" ind1=" " ind2=" ">
			<subfield code="a">text</subfield>
			<subfield code="b">txt</subfield>
			<subfield code="0">http://www.rdaregistry.info/termList/RDAContentType/1020</subfield>
			<subfield code="2">rdacontent</subfield>
		</datafield>
		<datafield tag="337" ind1=" " ind2=" ">
			<subfield code="a">unmediated</subfield>
			<subfield code="b">n</subfield>
			<subfield code="0">http://rdaregistry.info/termList/RDAMediaType/1007</subfield>
			<subfield code="2">rdamedia</subfield>
		</datafield>
		<datafield tag="338" ind1=" " ind2=" ">
			<subfield code="a">volume</subfield>
			<subfield code="b">nc</subfield>
			<subfield code="0">http://rdaregistry.info/termList/RDACarrierType/1049</subfield>
			<subfield code="2">rdacarrier</subfield>
		</datafield>
		<datafield tag="590" ind1=" " ind2=" ">
			<subfield code="a">Hentet fra Libris</subfield>
		</datafield>
		<datafield tag="600" ind1="0" ind2="0">
			<subfield code="a">Catherine,</subfield>
			<subfield code="c">of Siena, Saint,</subfield>
			<subfield code="d">1347-1380.</subfield>
			<subfield code="0">http://id.loc.gov/authorities/names/n79011075</subfield>
		</datafield>
		<datafield tag="650" ind1=" " ind2="4">
			<subfield code="a">Helgener</subfield>
			<subfield code="2">humord</subfield>
		</datafield>
		<datafield tag="655" ind1=" " ind2="7">
			<subfield code="a">Biografier</subfield>
			<subfield code="2">humord</subfield>
		</datafield>
		<datafield tag="700" ind1="1" ind2=" ">
			<subfield code="a">Austin-Lund, Kate.</subfield>
			<subfield code="i">http://rdaregistry.info/Elements/a/object/P50145</subfield>
			<subfield code="0">http://viaf.org/viaf/315689870</subfield>
			<subfield code="4">trl</subfield>
		</datafield>
		<datafield tag="740" ind1="0" ind2="2">
			<subfield code="a">Katarina av Siena.</subfield>
		</datafield>
	</record>