
	<record>
		<leader>00941nam a2200205 a 450 </leader>
		<controlfield tag="001">0347741</controlfield>
		<controlfield tag="007">ta</controlfield>
		<controlfield tag="008">071029s2007    no                0anob  </controlfield>
		<datafield tag="020" ind1=" " ind2=" ">
			<subfield code="a">9788205332898 (ib.)</subfield>
			<subfield code="c">Nkr 399.00</subfield>
		</datafield>
		<datafield tag="082" ind1="1" ind2="4">
			<subfield code="2">5</subfield>
			<subfield code="a">839.82</subfield>
		</datafield>
		<datafield tag="100" ind1="1" ind2=" ">
			<subfield code="a">Slapgard, Sigrun,</subfield>
			<subfield code="d">1953-</subfield>
			<subfield code="0">http://viaf.org/viaf/88278444</subfield>
			<subfield code="4">aut</subfield>
		</datafield>
		<datafield tag="240" ind1="0" ind2="0">
			<subfield code="a">Dikterdronningen</subfield>
			<subfield code="l">Norwegian</subfield>
			<subfield code="0">http://worldcat.org/entity/work/id/486642184</subfield>
		</datafield>
		<datafield tag="245" ind1="1" ind2="0">
			<subfield code="a">Dikterdronningen :</subfield>
			<subfield code="b">Sigrid Undset /</subfield>
			<subfield code="c">Sigrun Slapgard.</subfield>
		</datafield>
		<datafield tag="260" ind1=" " ind2=" ">
			<subfield code="a">[Oslo] :</subfield>
			<subfield code="b">Gyldendal,</subfield>
			<subfield code="c">2007.</subfield>
		</datafield>
		<datafield tag="300" ind1=" " ind2=" ">
			<subfield code="a">583 s. :</subfield>
			<subfield code="b">ill., faks., port.</subfield>
		</datafield>
		<datafield tag="336" ind1=" " ind2=" ">
			<subfield code="a">text</subfield>
			<subfield code="b">txt</subfield>
			<subfield code="0">http://www.rdaregistry.info/termList/RDAContentType/1020</subfield>
			<subfield code="2">rdacontent</subfield>
		</datafield>
		<datafield tag="337" ind1=" " ind2=" ">
			<subfield code="a">unmediated</subfield>
			<subfield code="b">n</subfield>
			<subfield code="0">http://rdaregistry.info/termList/RDAMediaType/1007</subfield>
			<subfield code="2">rdamedia</subfield>
		</datafield>
		<datafield tag="338" ind1=" " ind2=" ">
			<subfield code="a">volume</subfield>
			<subfield code="b">nc</subfield>
			<subfield code="0">http://rdaregistry.info/termList/RDACarrierType/1049</subfield>
			<subfield code="2">rdacarrier</subfield>
		</datafield>
		<datafield tag="590" ind1=" " ind2=" ">
			<subfield code="a">Hentet fra Bergen offentlige bibliotek</subfield>
		</datafield>
		<datafield tag="600" ind1="1" ind2="0">
			<subfield code="a">Undset, Sigrid,</subfield>
			<subfield code="d">1882-1949.</subfield>
			<subfield code="0">http://id.loc.gov/authorities/names/n79043449</subfield>
		</datafield>
	</record>
</collection>